1498860260,2630.940000000000,0.071400000000
1498860287,2630.900000000000,0.024000000000
1498860314,2630.940000000000,0.075800000000
1498860338,2630.900000000000,0.028500000000
1498860370,2630.950000000000,0.080300000000
1498860389,2630.910000000000,0.033000000000
1498860420,2630.950000000000,0.084700000000
1498860451,2630.910000000000,0.037400000000
1498860468,2630.950000000000,0.089100000000
1498860497,2630.910000000000,0.041800000000
1498860528,2630.960000000000,0.093600000000
1498860551,2630.920000000000,0.046300000000
1498860583,2630.960000000000,0.098000000000
1498860601,2630.920000000000,0.052500000000
1498860631,2631.080000000000,0.251200000000
1498860666,2630.940000000000,0.069600000000
1498860685,2631.100000000000,0.268000000000
1498860721,2630.950000000000,0.086400000000
1498860748,2631.110000000000,0.285100000000
1498860765,2630.960000000000,0.103500000000
1498860803,2631.130000000000,0.302200000000
1498860839,2630.980000000000,0.120600000000
1498860862,2631.140000000000,0.319400000000
1498860882,2630.990000000000,0.137800000000
1498860903,2631.150000000000,0.336500000000
1498860921,2631.010000000000,0.154900000000
1498860936,2631.170000000000,0.353300000000
1498860963,2631.020000000000,0.171700000000
1498860982,2631.180000000000,0.370400000000
1498861002,2631.030000000000,0.188800000000
1498861022,2630.890000000000,0.007200000000
1498861051,2631.050000000000,0.205900000000
1498861073,2630.900000000000,0.024300000000
1498861101,2631.060000000000,0.223100000000
1498861123,2630.910000000000,0.041400000000
1498861142,2631.080000000000,0.240200000000
1498861177,2630.930000000000,0.058600000000
1498861211,2631.090000000000,0.256900000000
1498861240,2630.940000000000,0.075300000000
1498861270,2631.100000000000,0.274100000000
1498861302,2630.960000000000,0.092500000000
1498861333,2631.120000000000,0.291200000000
1498861351,2630.970000000000,0.109600000000
1498861389,2631.130000000000,0.308300000000
1498861425,2630.980000000000,0.126700000000
1498861459,2631.140000000000,0.325500000000
1498861480,2631.000000000000,0.143900000000
1498861499,2631.160000000000,0.342200000000
1498861514,2631.010000000000,0.160600000000
1498861542,2631.170000000000,0.359300000000
1498861577,2630.970000000000,0.113800000000
1498861604,2630.910000000000,0.031500000000
1498861639,2630.980000000000,0.121400000000
1498861675,2630.910000000000,0.039100000000
1498861708,2630.990000000000,0.129100000000
1498861742,2630.920000000000,0.046900000000
1498861780,2630.990000000000,0.136900000000
1498861796,2630.920000000000,0.054600000000
1498861824,2631.000000000000,0.144700000000
1498861852,2630.930000000000,0.062400000000
1498861871,2631.000000000000,0.152400000000
1498861904,2630.940000000000,0.070200000000
1498861933,2631.010000000000,0.160000000000
1498861953,2630.940000000000,0.077700000000
1498861980,2631.020000000000,0.167800000000
1498862014,2630.950000000000,0.085500000000
1498862050,2630.880000000000,0.003200000000
1498862073,2630.960000000000,0.093300000000
1498862089,2630.890000000000,0.011000000000
1498862125,2630.960000000000,0.101000000000
1498862161,2630.900000000000,0.018800000000
1498862194,2630.970000000000,0.108800000000
1498862213,2630.900000000000,0.026500000000
1498862237,2630.970000000000,0.116400000000
1498862269,2630.910000000000,0.034100000000
1498862289,2630.980000000000,0.124100000000
1498862322,2630.910000000000,0.041900000000
1498862352,2630.990000000000,0.131900000000
1498862370,2630.920000000000,0.049600000000
1498862407,2630.990000000000,0.139700000000
1498862444,2630.930000000000,0.057400000000
1498862476,2631.000000000000,0.147400000000
1498862494,2630.930000000000,0.065200000000
1498862515,2631.010000000000,0.155000000000
1498862533,2630.940000000000,0.072700000000
1498862560,2630.990000000000,0.132800000000
1498862575,2631.300000000000,0.511200000000
1498862594,2631.010000000000,0.164800000000
1498862628,2631.320000000000,0.543900000000
1498862652,2631.040000000000,0.197500000000
1498862671,2631.350000000000,0.576500000000
1498862696,2631.070000000000,0.230200000000
1498862716,2631.380000000000,0.609200000000
1498862754,2631.090000000000,0.262800000000
1498862781,2631.400000000000,0.641900000000
1498862797,2631.120000000000,0.295500000000
1498862834,2631.430000000000,0.673900000000
1498862856,2631.150000000000,0.327500000000
1498862890,2631.450000000000,0.706500000000
1498862925,2631.170000000000,0.360100000000
1498862962,2630.890000000000,0.013700000000
1498862994,2631.200000000000,0.392800000000
1498863024,2630.920000000000,0.046400000000
1498863051,2631.230000000000,0.425500000000
1498863080,2630.940000000000,0.079100000000
1498863101,2631.250000000000,0.458200000000
1498863126,2630.970000000000,0.111800000000
1498863152,2631.280000000000,0.490100000000
1498863179,2631.000000000000,0.143700000000
1498863215,2631.310000000000,0.522800000000
1498863245,2631.020000000000,0.176400000000
1498863271,2631.330000000000,0.555500000000
1498863308,2631.050000000000,0.209100000000
1498863346,2631.360000000000,0.588200000000
1498863374,2631.080000000000,0.241800000000
1498863402,2631.390000000000,0.620800000000
1498863421,2631.100000000000,0.274400000000
1498863444,2631.410000000000,0.652800000000
1498863456,2628.270000000000,0.054200000000
1498863456,2602.810000000000,0.001320000000
1498863456,2616.700000000000,0.210000000000
1498863456,2625.970000000000,0.001100000000
1498863456,2600.000000000000,0.005480000000
1498863456,2586.420000000000,0.231500000000
1498863474,2391.990000000000,0.306400000000
1498863500,2392.300000000000,0.685500000000
1498863539,2391.770000000000,0.034800000000
1498863564,2391.750000000000,0.011200000000
1498863598,2391.780000000000,0.037100000000
1498863623,2391.760000000000,0.013400000000
1498863654,2391.780000000000,0.039300000000
1498863684,2391.760000000000,0.015700000000
1498863712,2391.780000000000,0.041500000000
1498863747,2391.760000000000,0.017900000000
1498863780,2391.780000000000,0.043800000000
1498863808,2389.780000000000,0.020100000000
1498863830,2391.780000000000,0.045900000000
1498863867,2391.760000000000,0.022300000000
1498863900,2389.760000000000,0.048200000000
1498863931,2390.690000000000,0.024500000000
1498863962,2391.750000000000,0.000900000000
1498863992,2391.770000000000,0.026800000000
1498864027,2391.750000000000,0.003100000000
1498864055,2391.770000000000,0.029000000000
1498864091,2390.550000000000,0.005400000000
1498864110,2391.770000000000,0.031200000000
1498864137,2391.750000000000,0.007600000000
1498864169,2391.770000000000,0.033400000000
1498864204,2390.010000000000,0.009800000000
1498864239,2390.030000000000,0.035600000000
1498864261,2390.010000000000,0.012000000000
1498864287,2390.890000000000,0.037900000000
1498864316,2391.760000000000,0.014200000000
1498864346,2391.780000000000,0.040100000000
1498864365,2391.760000000000,0.016500000000
1498864385,2391.780000000000,0.042300000000
1498864415,2391.760000000000,0.018700000000
1498864448,2391.780000000000,0.044500000000
1498864485,2391.470000000000,0.020900000000
1498864508,2391.780000000000,0.046700000000
1498864526,2391.760000000000,0.022800000000
1498864556,2391.810000000000,0.075300000000
1498864579,2391.770000000000,0.027300000000
1498864605,2391.810000000000,0.079900000000
1498864634,2391.770000000000,0.031900000000
1498864654,2391.810000000000,0.084400000000
1498864690,2391.770000000000,0.036400000000
1498864709,2391.820000000000,0.088900000000
1498864737,2391.780000000000,0.040900000000
1498864770,2391.820000000000,0.093300000000
1498864795,2391.780000000000,0.045300000000
1498864820,2391.820000000000,0.097900000000
1498864842,2391.790000000000,0.049900000000
1498864860,2391.750000000000,0.001900000000
1498864893,2391.790000000000,0.054400000000
1498864924,2391.750000000000,0.006400000000
1498864950,2391.790000000000,0.058900000000
1498864975,2391.750000000000,0.010900000000
1498865008,2391.800000000000,0.063500000000
1498865045,2391.760000000000,0.015400000000
1498865076,2391.800000000000,0.067900000000
1498865111,2391.760000000000,0.019900000000
1498865147,2391.800000000000,0.072400000000
1498865184,2391.760000000000,0.024400000000
1498865219,2391.810000000000,0.076900000000
1498865239,2391.770000000000,0.028900000000
1498865273,2391.810000000000,0.081500000000
1498865294,2391.770000000000,0.033500000000
1498865332,2391.810000000000,0.086000000000
1498865359,2391.780000000000,0.038000000000
1498865380,2391.820000000000,0.090400000000
1498865401,2391.780000000000,0.042400000000
1498865430,2391.820000000000,0.095000000000
1498865460,2391.780000000000,0.046900000000
1498865481,2391.830000000000,0.099500000000
1498865517,2392.440000000000,0.859100000000
1498865535,2392.000000000000,0.311900000000
1498865564,2392.490000000000,0.910700000000
1498865591,2392.040000000000,0.363600000000
1498865608,2392.530000000000,0.962300000000
1498865641,2392.080000000000,0.415200000000
1498865670,2392.570000000000,1.013900000000
1498865706,2392.120000000000,0.466800000000
1498865734,2392.610000000000,1.064400000000
1498865752,2392.170000000000,0.517300000000
1498865771,2392.650000000000,1.116000000000
1498865798,2392.210000000000,0.568900000000
1498865822,2391.760000000000,0.021700000000
1498865859,2392.250000000000,0.620500000000
1498865882,2391.800000000000,0.073400000000
1498865920,2392.290000000000,0.672100000000
1498865940,2391.850000000000,0.125000000000
1498865971,2392.330000000000,0.723700000000
1498865995,2391.890000000000,0.176600000000
1498866015,2392.370000000000,0.774200000000
1498866040,2391.930000000000,0.227100000000
1498866060,2392.420000000000,0.825800000000
1498866089,2391.970000000000,0.278700000000
1498866109,2392.460000000000,0.877400000000
1498866128,2392.010000000000,0.330300000000
1498866152,2392.500000000000,0.929000000000
1498866179,2392.060000000000,0.381900000000
1498866210,2392.540000000000,0.980700000000
1498866235,2392.100000000000,0.433500000000
1498866250,2392.580000000000,1.031100000000
1498866271,2392.140000000000,0.484000000000
1498866304,2392.630000000000,1.082700000000
1498866332,2392.180000000000,0.535600000000
1498866361,2392.670000000000,1.134400000000
1498866393,2392.220000000000,0.587200000000
1498866410,2391.780000000000,0.040100000000
1498866439,2392.260000000000,0.638800000000
1498866464,2391.820000000000,0.091700000000
1498866485,2392.310000000000,0.690500000000
1498866512,2392.030000000000,0.346700000000
1498866540,2392.570000000000,1.012100000000
1498866562,2392.070000000000,0.404000000000
1498866587,2392.610000000000,1.069400000000
1498866607,2392.120000000000,0.461400000000
1498866633,2392.660000000000,1.126800000000
1498866665,2392.170000000000,0.518800000000
1498866694,2392.710000000000,1.182900000000
1498866713,2392.210000000000,0.574800000000
1498866739,2392.750000000000,1.240300000000
1498866762,2392.260000000000,0.632200000000
1498866792,2391.760000000000,0.024200000000
1498866818,2392.310000000000,0.689600000000
1498866853,2391.810000000000,0.081500000000
1498866870,2392.350000000000,0.746900000000
1498866893,2391.860000000000,0.138900000000
1498866918,2392.400000000000,0.804300000000
1498866944,2391.900000000000,0.196300000000
1498866974,2392.440000000000,0.860400000000
1498867003,2391.950000000000,0.252300000000
1498867018,2392.490000000000,0.917700000000
1498867037,2392.000000000000,0.309700000000
1498867070,2392.540000000000,0.975100000000
1498867089,2391.560000000000,0.367100000000
1498867121,2392.580000000000,1.032500000000
1498867156,2392.090000000000,0.424400000000
1498867183,2392.630000000000,1.089800000000
1498867209,2391.410000000000,0.481800000000
1498867227,2392.680000000000,1.145900000000
1498867246,2391.460000000000,0.537900000000
1498867278,2392.000000000000,1.203300000000
1498867311,2391.510000000000,0.595200000000
1498867333,2392.050000000000,1.260600000000
1498867355,2392.280000000000,0.652600000000
1498867387,2391.060000000000,0.044600000000
1498867419,2392.320000000000,0.710000000000
1498867442,2391.830000000000,0.101900000000
1498867477,2392.370000000000,0.767300000000
1498867503,2392.660000000000,1.126600000000
1498867536,2392.110000000000,0.449700000000
1498867554,2392.710000000000,1.190400000000
1498867573,2392.160000000000,0.513600000000
1498867590,2392.770000000000,1.254300000000
1498867626,2392.210000000000,0.577400000000
1498867658,2392.820000000000,1.316700000000
1498867688,2392.270000000000,0.639900000000
1498867714,2392.870000000000,1.380500000000
1498867736,2392.320000000000,0.703700000000
1498867761,2391.770000000000,0.026900000000
1498867794,2392.370000000000,0.767600000000
1498867831,2391.820000000000,0.090800000000
1498867853,2392.420000000000,0.831400000000
1498867875,2391.870000000000,0.154600000000
1498867893,2392.470000000000,0.895300000000
1498867915,2391.920000000000,0.218500000000
1498867931,2392.520000000000,0.957700000000
1498867956,2391.970000000000,0.280900000000
1498867988,2392.580000000000,1.021600000000
1498868013,2392.030000000000,0.344700000000
1498868043,2392.630000000000,1.085400000000
1498868063,2392.080000000000,0.408600000000
1498868083,2392.680000000000,1.149300000000
1498868111,2392.130000000000,0.472400000000
1498868148,2392.730000000000,1.213100000000
1498868178,2392.180000000000,0.536300000000
1498868210,2392.780000000000,1.275500000000
1498868239,2392.230000000000,0.598700000000
1498868273,2392.830000000000,1.339400000000
1498868295,2392.280000000000,0.662600000000
1498868311,2392.890000000000,1.403200000000
1498868328,2392.340000000000,0.726400000000
1498868365,2391.790000000000,0.049600000000
1498868383,2392.390000000000,0.790300000000
1498868415,2391.840000000000,0.113500000000
1498868454,2392.440000000000,0.854100000000
1498868489,2391.780000000000,0.041200000000
1498868517,2391.830000000000,0.109000000000
1498868554,2391.330000000000,0.047000000000
1498868572,2391.390000000000,0.114900000000
1498868611,2391.340000000000,0.052900000000
1498868643,2391.390000000000,0.120600000000
1498868671,2391.340000000000,0.058600000000
1498868697,2391.400000000000,0.126400000000
1498868731,2391.350000000000,0.064400000000
1498868763,2391.300000000000,0.002400000000
1498868784,2391.350000000000,0.070300000000
1498868819,2391.300000000000,0.008300000000
1498868844,2385.200000000000,0.076100000000
1498868865,2386.110000000000,0.014100000000
1498868903,2385.210000000000,0.082000000000
1498868934,2385.160000000000,0.020000000000
1498868958,2385.220000000000,0.087700000000
1498868986,2385.170000000000,0.025700000000
1498869006,2391.820000000000,0.093600000000
1498869035,2389.980000000000,0.031500000000
1498869067,2390.040000000000,0.099400000000
1498869100,2389.990000000000,0.037400000000
1498869133,2390.040000000000,0.105300000000
1498869157,2389.990000000000,0.043200000000
1498869181,2390.050000000000,0.111100000000
1498869211,2389.990000000000,0.049100000000
1498869246,2390.050000000000,0.116800000000
1498869282,2390.000000000000,0.054800000000
1498869303,2390.050000000000,0.122700000000
1498869341,2390.000000000000,0.060700000000
1498869379,2390.060000000000,0.128500000000
1498869404,2390.010000000000,0.066500000000
1498869439,2389.960000000000,0.004500000000
1498869467,2390.010000000000,0.072400000000
1498869499,2392.130000000000,0.467300000000
1498869534,2390.130000000000,0.201600000000
1498869558,2390.370000000000,0.492400000000
1498869594,2391.930000000000,0.226700000000
1498869622,2389.080000000000,0.516900000000
1498869658,2391.500000000000,0.251200000000
1498869679,2392.190000000000,0.542000000000
1498869717,2391.520000000000,0.276300000000
1498869748,2391.310000000000,0.010500000000
1498869768,2391.550000000000,0.301300000000
1498869796,2391.330000000000,0.035600000000
1498869814,2391.570000000000,0.326400000000
1498869832,2391.350000000000,0.060700000000
1498869851,2391.590000000000,0.351500000000
1498869880,2391.370000000000,0.085700000000
1498869914,2391.610000000000,0.376000000000
1498869943,2391.390000000000,0.110300000000
1498869964,2391.630000000000,0.401000000000
1498869979,2391.410000000000,0.135300000000
1498869997,2391.650000000000,0.426100000000
1498870023,2391.430000000000,0.160400000000
1498870055,2389.020000000000,0.451200000000
1498870072,2388.810000000000,0.185500000000
1498870107,2391.680000000000,0.476300000000
1498870133,2391.470000000000,0.210500000000
1498870169,2392.150000000000,0.500800000000
1498870208,2391.940000000000,0.235000000000
1498870238,2392.170000000000,0.525800000000
1498870263,2391.960000000000,0.260100000000
1498870294,2392.190000000000,0.550900000000
1498870328,2391.980000000000,0.285200000000
1498870359,2391.760000000000,0.019400000000
1498870392,2392.000000000000,0.310200000000
1498870423,2391.780000000000,0.044500000000
1498870455,2392.020000000000,0.335300000000
1498870475,2391.800000000000,0.069000000000
1498870495,2392.060000000000,0.381100000000
1498870529,2392.500000000000,0.930600000000
1498870553,2392.090000000000,0.428400000000
1498870579,2392.540000000000,0.976900000000
1498870607,2392.130000000000,0.474700000000
1498870631,2392.580000000000,1.024300000000
1498870650,2392.170000000000,0.522100000000
1498870689,2391.760000000000,0.020000000000
1498870707,2392.210000000000,0.569500000000
1498870726,2391.800000000000,0.067300000000
1498870764,2392.250000000000,0.616900000000
1498870799,2391.840000000000,0.114700000000
1498870833,2392.290000000000,0.664200000000
1498870860,2391.880000000000,0.162100000000
1498870896,2392.320000000000,0.710600000000
1498870930,2391.910000000000,0.208400000000
1498870961,2392.360000000000,0.757900000000
1498870993,2391.950000000000,0.255800000000
1498871014,2392.400000000000,0.805300000000
1498871051,2391.990000000000,0.303100000000
1498871073,2392.440000000000,0.852700000000
1498871109,2392.030000000000,0.350500000000
1498871128,2392.480000000000,0.900100000000
1498871150,2392.070000000000,0.397900000000
1498871169,2392.510000000000,0.946400000000
1498871200,2392.110000000000,0.444200000000
1498871218,2392.550000000000,0.993800000000
1498871241,2392.140000000000,0.491600000000
1498871266,2392.590000000000,1.041100000000
1498871283,2392.180000000000,0.539000000000
1498871312,2391.770000000000,0.036800000000
1498871330,2392.220000000000,0.586300000000
1498871364,2391.810000000000,0.084200000000
1498871398,2392.260000000000,0.633700000000
1498871428,2391.850000000000,0.130500000000
1498871462,2392.300000000000,0.680000000000
1498871794,2391.690000000000,0.639900000000
1498871826,2391.400000000000,0.219400000000
1498871843,2391.710000000000,0.679500000000
1498871871,2391.920000000000,0.259100000000
1498871906,2392.240000000000,0.719200000000
1498871942,2391.950000000000,0.298700000000
1498871962,2392.270000000000,0.758000000000
1498871988,2391.980000000000,0.337500000000
1498872005,2392.300000000000,0.797600000000
1498872038,2392.010000000000,0.377200000000
1498872073,2392.320000000000,0.837300000000
1498872108,2392.030000000000,0.416900000000
1498872144,2392.350000000000,0.877000000000
1498872179,2392.060000000000,0.456500000000
1498872206,2391.770000000000,0.036100000000
1498872229,2392.090000000000,0.496200000000
1498872264,2391.800000000000,0.074900000000
1498872285,2392.110000000000,0.535000000000
1498872307,2391.820000000000,0.114500000000
1498872344,2392.140000000000,0.574600000000
1498872369,2391.850000000000,0.154200000000
1498872389,2392.170000000000,0.614300000000
1498872419,2391.880000000000,0.193900000000
1498872441,2392.200000000000,0.654000000000
1498872462,2391.910000000000,0.233500000000
1498872480,2392.220000000000,0.693600000000
1498872515,2391.930000000000,0.272300000000
1498872544,2392.250000000000,0.732400000000
1498872572,2400.000000000000,0.312000000000
1498872612,2517.280000000000,0.772100000000
1498872646,2516.990000000000,0.351600000000
1498872667,2517.310000000000,0.811700000000
1498872695,2514.520000000000,0.391300000000
1498872717,2514.830000000000,0.851400000000
1498872751,2514.540000000000,0.431000000000
1498872785,2521.790000000000,0.067900000000
1498872819,2521.600000000000,0.210400000000
1498872855,2512.490000000000,0.080200000000
1498872877,2512.590000000000,0.222700000000
1498872902,2541.810000000000,0.092500000000
1498872927,2562.990000000000,0.234700000000
1498872956,2571.820000000000,0.104500000000
1498872990,2571.920000000000,0.247000000000
1498873020,2512.810000000000,0.116800000000
1498873038,2512.900000000000,0.259300000000
1498873057,2512.310000000000,0.129100000000
1498873083,2512.910000000000,0.271600000000
1498873101,2511.720000000000,0.141400000000
1498873128,2506.940000000000,0.011100000000
1498873154,2512.830000000000,0.153600000000
1498873184,2509.140000000000,0.023200000000
1498873203,2504.750000000000,0.165600000000
1498873242,2504.390000000000,0.035400000000
1498873279,2506.580000000000,0.177900000000
1498873302,2508.220000000000,0.047700000000
1498873333,2509.820000000000,0.190200000000
1498873360,2507.180000000000,0.060000000000
1498873396,2507.270000000000,0.202500000000
1498873419,2505.230000000000,0.072300000000
1498873458,2510.450000000000,0.214800000000
1498873477,2510.360000000000,0.084300000000
1498873514,2508.760000000000,0.226800000000
1498873540,2507.670000000000,0.096600000000
1498873568,2507.770000000000,0.239100000000
1498873587,2507.680000000000,0.108900000000
1498873625,2506.270000000000,0.251400000000
1498873651,2512.810000000000,0.121200000000
1498873677,2507.910000000000,0.263600000000
1498873703,2506.080000000000,0.133400000000
1498873728,2512.730000000000,0.003200000000
1498873751,2508.100000000000,0.145700000000
1498873781,2508.360000000000,0.201300000000
1498873803,2509.280000000000,0.076700000000
1498873822,2508.370000000000,0.213000000000
1498873855,2508.290000000000,0.088500000000
1498873890,2508.380000000000,0.224500000000
1498873908,2508.290000000000,0.100000000000
1498873934,2508.390000000000,0.236300000000
1498873968,2508.300000000000,0.111700000000
1498873992,2512.900000000000,0.248000000000
1498874017,2505.310000000000,0.123500000000
1498874034,2505.400000000000,0.259800000000
1498874060,2505.320000000000,0.135200000000
1498874092,2505.230000000000,0.010700000000
1498874129,2505.330000000000,0.147000000000
1498874161,2505.240000000000,0.022100000000
1498874177,2505.330000000000,0.158500000000
1498874195,2510.250000000000,0.033900000000
1498874227,2508.340000000000,0.170200000000
1498874257,2509.210000000000,0.045600000000
1498874286,2511.980000000000,0.182000000000
1498874309,2512.760000000000,0.057400000000
1498874329,2510.040000000000,0.193700000000
1498874364,2509.960000000000,0.069200000000
1498874392,2511.050000000000,0.205500000000
1498874411,2509.970000000000,0.080600000000
1498874439,2510.060000000000,0.217000000000
1498874458,2509.970000000000,0.092400000000
1498874495,2510.070000000000,0.228700000000
1498874517,2509.760000000000,0.104100000000
1498874534,2504.800000000000,0.240500000000
1498874568,2503.910000000000,0.115900000000
1498874600,2502.690000000000,0.252200000000
1498874623,2512.810000000000,0.127600000000
1498874645,2505.010000000000,0.003100000000
1498874675,2502.710000000000,0.139400000000
1498874695,2502.620000000000,0.014600000000
1498874719,2501.660000000000,0.150900000000
1498874745,2506.600000000000,0.026300000000
1498874764,2502.890000000000,0.502700000000
1498874783,2505.820000000000,1.395400000000
1498874819,2508.370000000000,0.579700000000
1498874842,2510.810000000000,1.470600000000
1498875145,2590.900000000000,0.222300000000
1498875429,2571.100000000000,0.682300000000
1498875523,2584.940000000000,0.030000000000
1498875564,2584.940000000000,0.030000000000
1498875614,2584.940000000000,0.020000000000
1498875637,2584.940000000000,0.023100000000
1498875646,2576.580000000000,0.172700000000
1498875659,2584.940000000000,0.020000000000
1498875665,2547.570000000000,1.065300000000
1498875680,2584.940000000000,0.030000000000
1498875701,2584.940000000000,0.093700000000
1498875704,2584.940000000000,0.020000000000
1498875726,2584.940000000000,0.030000000000
1498875727,2582.660000000000,0.093700000000
1498875730,2580.000000000000,0.100000000000
1498875750,2580.000000000000,0.020000000000
1498875770,2580.000000000000,0.030000000000
1498875775,2580.000000000000,0.100000000000
1498875792,2580.000000000000,0.072700000000
1498875793,2580.000000000000,0.020000000000
1498875811,2580.000000000000,0.030000000000
1498875815,2580.000000000000,0.100000000000
1498875835,2580.000000000000,0.020000000000
1498878639,2590.000000000000,0.020000000000
1498878718,2580.000000000000,0.100000000000
1498878812,2580.000000000000,0.100000000000
1498878812,2580.000000000000,0.020000000000
1498878813,2580.000000000000,0.020000000000
1498878850,2580.000000000000,0.020000000000
1498878866,2580.000000000000,0.018900000000
1498878957,2580.000000000000,0.020000000000
1498878958,2580.000000000000,0.086700000000
1498879098,2590.000000000000,0.020000000000
1498879187,2590.000000000000,0.020000000000
1498879228,2590.000000000000,0.020000000000
1498879396,2590.000000000000,0.011400000000
1498879615,2590.000000000000,0.020000000000
1498879618,2590.000000000000,0.020000000000
1498879753,2591.720000000000,0.020000000000
1498879781,2591.000000000000,0.020000000000
1498879820,2591.000000000000,0.020000000000
1498879860,2591.000000000000,0.020000000000
1498879918,2591.000000000000,0.020000000000
1498879994,2591.000000000000,0.020000000000
1498880032,2591.000000000000,0.020000000000
1498880070,2591.000000000000,0.020000000000
1498880073,2591.000000000000,0.020000000000
1498880107,2591.000000000000,0.020000000000
1498880111,2591.000000000000,0.020000000000
1498880146,2591.000000000000,0.020000000000
1498880152,2591.000000000000,0.020000000000
1498880190,2591.000000000000,0.020000000000
1498880207,2591.000000000000,0.020000000000
1498892167,2590.420000000000,0.002000000000
1498893075,2600.000000000000,0.030000000000
1498893076,2600.000000000000,0.030000000000
1498893143,2600.000000000000,0.021500000000
1498893157,2600.000000000000,0.030000000000
1498893158,2600.000000000000,0.050000000000
1498893184,2600.000000000000,0.020000000000
1498893186,2600.000000000000,0.030000000000
1498893200,2600.000000000000,0.030000000000
1498893225,2600.000000000000,0.020000000000
1498893389,2600.000000000000,0.030000000000
1498893391,2600.000000000000,0.020000000000
1498893392,2600.000000000000,0.050000000000
1498893408,2600.000000000000,0.020000000000
1498893460,2600.000000000000,0.030000000000
1498893460,2600.000000000000,0.020000000000
1498893461,2600.000000000000,0.050000000000
1498996891,2569.240000000000,0.003100000000
1499063794,2450.000000000000,0.400000000000
1499145467,2500.000000000000,0.000990000000
1499146117,2641.000000000000,0.000930000000
1499190489,2501.000000000000,0.001620000000
1499215901,2501.030000000000,0.030790000000
1499312479,2500.100000000000,0.001000000000
1499312497,2500.100000000000,0.000160000000
1499312526,2500.100000000000,0.000840000000
1499332949,2641.000000000000,0.000390000000
1499506064,2600.000000000000,0.001120000000
1499506076,2600.000000000000,0.001120000000
1499506084,2600.000000000000,0.001120000000
1499506092,2600.000000000000,0.001070000000
1499506098,2600.000000000000,0.001070000000
1499665985,2600.000000000000,0.101530000000
1499666036,2600.000000000000,0.098470000000
1499683371,2600.000000000000,0.000640000000
1499730414,2620.000000000000,0.029170000000
1499731449,2600.000000000000,0.000890000000
1499736526,2502.000000000000,0.050000000000
1499736579,2502.000000000000,0.053300000000
1499752780,2500.100000000000,0.012630000000
1499766576,2502.000000000000,0.042380000000
1499766576,2501.000000000000,0.451620000000
1499768713,2500.100000000000,0.142770000000
1499768713,2501.000000000000,0.157230000000
1499775831,2520.000000000000,0.300000000000
1499785550,2520.000000000000,1.300000000000
1499814058,2502.000000000000,0.500000000000
1499819106,2502.000000000000,0.500000000000
1499821959,2502.000000000000,0.087630000000
1499821959,2500.000000000000,0.007330000000
1499821959,2500.100000000000,0.019100000000
1499821977,2455.000000000000,0.120000000000
1499821979,2455.000000000000,0.080000000000
1499822087,2450.000000000000,0.203880000000
1499822087,2451.300000000000,0.009250000000
1499822087,2403.000000000000,0.136870000000
1499829535,2151.000000000000,0.120250000000
1499836706,2151.000000000000,0.000860000000
1499862941,2490.000000000000,0.001000000000
1499876544,2500.000000000000,0.006250000000
1499876550,2500.000000000000,0.013750000000
1499876561,2500.000000000000,0.065940000000
1499974207,2490.000000000000,0.102870000000
1500085936,2185.000000000000,0.011400000000
1500207265,2001.100000000000,0.237230000000
1500207265,2150.000000000000,0.002770000000
1500224884,2000.000000000000,0.091610000000
1500254412,2000.000000000000,0.352390000000
1500254508,2000.000000000000,0.199530000000
1500254695,2000.000000000000,0.066290000000
1500256673,1999.000000000000,0.054790000000
1500256673,2000.000000000000,9.290180000000
1500257196,2001.000000000000,2.000000000000
1500267355,2000.000000000000,0.470120000000
1500267508,2001.000000000000,0.327020000000
1500273320,2001.000000000000,0.021900000000
1500274603,2000.000000000000,0.183500000000
1500280927,2001.000000000000,0.018990000000
1500300239,2001.000000000000,1.500000000000
1500304691,2001.000000000000,0.140250000000
1500315226,2001.000000000000,0.128000000000
1500340820,2001.000000000000,0.054730000000
1500413880,2001.000000000000,0.015780000000
1500432953,2001.000000000000,5.793330000000
1500432953,2002.000000000000,4.155670000000
1500435710,2002.000000000000,0.001610000000
1500441017,2002.000000000000,0.004940000000
1500444409,2000.000000000000,0.001410000000
1500455737,1812.000000000000,0.001000000000
1500455787,1703.000000000000,0.001000000000
1500470816,1812.000000000000,0.000120000000
1500470816,2000.000000000000,0.001240000000
1500600381,2699.000000000000,0.132170000000
1500600497,2700.000000000000,0.200000000000
1500600525,2730.000000000000,0.096420000000
1500601432,2000.000000000000,0.500000000000
1500629332,2600.000000000000,0.440000000000
1500686629,2700.000000000000,0.276780000000
1500686629,2700.000000000000,0.036620000000
1500691032,2620.000000000000,0.390000000000
1500718680,2660.000000000000,0.430000000000
1500776946,2600.000000000000,0.350000000000
1500861298,2000.000000000000,0.220000000000
1500889701,1900.000000000000,0.260000000000
1500950013,2010.000000000000,0.560000000000
1500978616,2200.000000000000,0.510000000000
1501069976,1900.000000000000,0.187750000000
1501149594,2300.000000000000,0.390000000000
1501162262,2570.000000000000,0.020000000000
1501162390,2598.900000000000,0.055490000000
1501163728,2570.000000000000,0.050260000000
1501221027,2580.000000000000,0.430000000000
1501318658,2650.000000000000,0.000670000000
1501320978,2588.000000000000,0.410000000000
1501415655,2650.000000000000,0.012050000000
1501467703,2500.000000000000,0.380000000000
1501494175,2610.000000000000,0.320000000000
1501550493,2530.000000000000,0.410000000000
1501579841,2580.000000000000,0.388000000000
1501638474,2610.000000000000,0.411000000000
1501663620,2626.000000000000,0.399000000000
1501721984,2600.000000000000,0.407010000000
1501724430,2900.000000000000,0.383000000000
1501752881,2980.000000000000,0.001170000000
1501753673,2888.000000000000,0.399000000000
1501810415,2909.000000000000,0.319000000000
1501838823,2897.000000000000,0.433500000000
1501899806,2888.000000000000,0.396000000000
1501904735,2980.000000000000,0.014610000000
1501904735,2980.000000000000,0.001170000000
1501904800,3000.000000000000,0.240560000000
1501909789,2400.100000000000,0.111560000000
1501926606,2900.000000000000,0.500000000000
1501934925,2800.000000000000,0.018350000000
1501937539,2800.000000000000,0.124280000000
1501937595,2800.000000000000,0.085910000000
1501937678,2800.000000000000,0.006430000000
1501977385,2800.000000000000,0.001240000000
1501985606,2800.000000000000,0.016790000000
1501992243,2777.000000000000,0.375000000000
1502016436,2798.000000000000,0.510000000000
1502087088,2795.000000000000,0.002790000000
1502087088,2800.000000000000,0.149170000000
1502087088,2800.000000000000,0.091610000000
1502261344,2900.000000000000,0.380000000000
1502267816,2800.000000000000,0.056430000000
1502267877,2400.000000000000,0.015390000000
1502270263,2980.000000000000,0.001240000000
1502271372,3000.000000000000,0.047100000000
1502271528,3000.000000000000,0.012340000000
1502271528,3000.000000000000,0.051400000000
1502335843,2992.000000000000,0.414000000000
1502358572,2988.000000000000,0.399000000000
1502394479,2500.000000000000,0.004000000000
1502414682,2999.900000000000,0.248000000000
1502414702,3100.000000000000,0.051900000000
1502443717,2999.000000000000,0.399900000000
1502514852,3000.000000000000,0.500000000000
1502515461,2500.000000000000,0.004000000000
1502525748,3100.000000000000,0.018990000000
1502525770,3100.000000000000,0.005780000000
1502580416,3100.000000000000,0.003210000000
1502590177,3000.000000000000,0.500000000000
1502590311,2500.000000000000,0.085350000000
1502590973,3100.000000000000,0.068830000000
1502605685,3100.000000000000,0.051290000000
1502605725,3200.000000000000,0.016790000000
1502605822,3238.000000000000,0.015870000000
1502666817,3238.000000000000,0.007170000000
1502678715,3238.000000000000,0.009630000000
1502679198,3238.000000000000,0.016360000000
1502683033,3238.000000000000,0.062100000000
1502689346,3238.000000000000,0.038870000000
1502689395,3331.000000000000,0.023890000000
1502690703,3331.000000000000,0.230980000000
1502703441,3330.000000000000,0.566000000000
1502707459,3331.000000000000,0.095130000000
1502707497,3455.000000000000,0.009170000000
1502709285,3455.000000000000,0.035960000000
1502710664,3455.000000000000,0.157260000000
1502787085,2501.000000000000,0.002010000000
1502787229,3440.000000000000,0.001460000000
1502790232,3333.000000000000,0.666000000000
1502806071,2501.000000000000,0.019480000000
1502806566,2500.000000000000,0.009260000000
1502858223,2101.000000000000,0.003730000000
1502858292,2000.000000000000,0.008770000000
1502869349,3435.000000000000,0.019480000000
1502870026,3440.000000000000,0.066940000000
1502870026,3440.000000000000,0.002010000000
1502870065,3455.000000000000,0.210610000000
1502870065,3454.000000000000,0.008440000000
1502870128,3509.000000000000,0.189810000000
1502876017,3500.000000000000,0.100000000000
1502928159,2100.000000000000,0.000610000000
1502938560,3500.000000000000,0.565600000000
1502958420,2100.000000000000,0.000900000000
1502966995,2100.000000000000,0.006650000000
1502967429,3508.000000000000,0.001510000000
1502967634,3509.000000000000,0.002470000000
1502978850,2100.000000000000,0.000900000000
1502979363,3508.000000000000,0.006650000000
1502979431,3509.000000000000,0.024600000000
1503043561,3500.000000000000,0.098610000000
1503052030,3509.000000000000,0.134070000000
1503108738,3509.000000000000,0.010000000000
1503116887,3509.000000000000,0.199000000000
1503117698,3509.000000000000,0.000050000000
1503117698,3600.000000000000,0.499950000000
1503118670,3600.000000000000,0.150000000000
1503195598,3600.000000000000,0.005790000000
1503280743,3600.000000000000,0.007960000000
1503301133,3000.000000000000,0.109550000000
1503301310,3600.000000000000,0.091290000000
1503311697,3600.000000000000,0.045010000000
1503327639,3600.000000000000,0.109550000000
1503369181,4000.000000000000,0.000900000000
1503369286,4321.000000000000,0.380000000000
1503370099,4000.000000000000,0.184520000000
1503393566,4491.000000000000,0.290000000000
1503459982,3700.000000000000,0.119370000000
1503461479,4497.900000000000,0.098190000000
1503553355,4300.000000000000,0.345000000000
1503642467,4012.000000000000,0.003500000000
1503642565,4242.000000000000,0.456000000000
1503725624,4900.000000000000,0.575000000000
1503756692,4100.000000000000,0.000800000000
1503818960,4000.000000000000,0.002720000000
1503880375,4001.000000000000,0.245130000000
1503880422,4000.000000000000,0.074720000000
1503892215,4291.000000000000,0.003730000000
1503892215,4500.000000000000,0.020960000000
1503904071,4450.000000000000,0.000680000000
1503906352,4450.000000000000,0.000210000000
1503913329,4200.000000000000,0.333000000000
1503973383,4500.000000000000,0.120000000000
1504001020,4797.900000000000,0.002370000000
1504001673,4797.900000000000,0.069320000000
1504003061,4797.900000000000,0.032850000000
1504003169,4797.900000000000,0.055650000000
1504003420,4797.900000000000,0.113360000000
1504003854,4797.900000000000,0.037360000000
1504008829,4798.000000000000,0.069310000000
1504058932,4600.000000000000,0.353500000000
1504086104,4666.000000000000,0.564600000000
1504095703,4613.000000000000,0.006310000000
1504160147,4780.000000000000,0.267710000000
1504167142,4555.000000000000,0.464000000000
1504178068,4790.000000000000,0.006820000000
1504179089,4790.000000000000,0.001860000000
1504181174,4796.000000000000,0.303900000000
1504277936,4401.000000000000,0.000840000000
1504303650,4796.000000000000,0.196100000000
1504304315,4797.000000000000,0.448850000000
1504304348,4797.000000000000,0.050270000000
1504304366,4796.000000000000,0.165850000000
1504304396,4796.000000000000,0.111160000000
1504304518,4796.000000000000,0.004570000000
1504304529,4796.000000000000,0.050000000000
1504308642,4796.000000000000,0.004930000000
1504317714,4101.000000000000,0.000900000000
1504341719,4999.000000000000,0.336000000000
1504433593,4789.000000000000,0.564000000000
1504512298,4101.220000000000,0.020320000000
1504513121,4101.210000000000,0.218280000000
1504513219,4101.210000000000,0.104500000000
1504517170,4100.000000000000,0.001330000000
1504522745,4100.000000000000,0.002570000000
1504576707,3800.000000000000,0.021220000000
1504576925,3800.000000000000,0.221550000000
1504576959,3800.000000000000,0.157230000000
1504593830,3600.000000000000,0.011800000000
1504594465,3999.900000000000,0.000920000000
1504598551,3999.900000000000,0.000080000000
1504667936,4388.000000000000,0.363600000000
1504676960,4100.000000000000,0.090140000000
1504677238,4450.000000000000,0.030890000000
1504677238,4450.000000000000,0.040000000000
1504681466,4450.000000000000,0.012160000000
1504682307,4497.000000000000,0.011130000000
1504747997,4800.000000000000,0.083470000000
1504753047,4990.000000000000,0.570000000000
1504755698,4800.000000000000,0.005810000000
1504764320,4497.000000000000,0.000900000000
1504764359,4200.000000000000,0.103290000000
1504764401,4997.000000000000,0.086810000000
1504784538,4200.000000000000,0.001450000000
1504794431,4200.000000000000,0.003080000000
1504795859,4990.000000000000,0.008510000000
1504813477,4200.000000000000,0.039280000000
1504847932,4200.000000000000,0.002900000000
1504847933,4200.000000000000,0.000570000000
1504852683,4200.000000000000,0.062070000000
1504855195,4600.000000000000,0.365000000000
1504860573,4800.000000000000,0.001260000000
1504863819,4201.000000000000,0.037250000000
1504870580,4202.000000000000,0.000610000000
1504880166,4203.000000000000,0.000600000000
1504880258,4202.000000000000,0.011300000000
1504880258,4201.100000000000,0.054240000000
1504880336,4200.000000000000,0.018440000000
1504880869,4200.000000000000,0.014310000000
1504880869,4200.000000000000,0.000990000000
1504881951,4200.000000000000,0.260370000000
1504883620,4200.000000000000,0.101470000000
1504884272,4300.000000000000,0.009530000000
1504884316,4300.000000000000,0.018120000000
1504884349,4000.000000000000,0.010000000000
1504900923,3800.000000000000,0.197050000000
1504919505,4300.000000000000,0.079950000000
1504937431,3500.100000000000,0.107000000000
1504937472,3500.000000000000,0.183690000000
1504938110,3500.000000000000,0.036690000000
1504965249,3500.000000000000,0.053650000000
1504967246,3500.000100000000,0.018360000000
1504967246,3500.000000000000,0.021870000000
1504977780,3933.000000000000,0.022330000000
1505006525,3900.000000000000,0.023330000000
1505008085,3330.100000000000,0.003000000000
1505057415,3898.990000000000,0.002090000000
1505094786,3003.800000000000,0.001070000000
1505096761,3896.000000000000,0.002260000000
1505124037,3895.000000000000,0.001070000000
1505124421,3896.000000000000,0.021560000000
1505125241,3101.000000000000,0.025660000000
1505125902,3101.100000000000,0.002060000000
1505139107,3898.000000000000,0.057560000000
1505139107,3900.000000000000,0.003020000000
1505139107,3899.000000000000,0.009720000000
1505139927,3900.000000000000,0.001840000000
1505141362,3900.000000000000,0.270800000000
1505146758,3110.000000000000,0.006800000000
1505151893,3900.000000000000,0.002290000000
1505176348,3113.010000000000,0.001340000000
1505176950,3113.010000000000,0.001830000000
1505181440,3888.000000000000,0.656000000000
1505184653,3113.100000000000,0.015600000000
1505184784,3930.000000000000,0.012350000000
1505186899,3930.000000000000,0.112250000000
1505186982,3933.000000000000,0.031800000000
1505188652,4000.000000000000,0.001150000000
1505198401,3500.100000000000,0.081440000000
1505203337,4189.000000000000,0.068040000000
1505208405,3501.000000000000,0.060070000000
1505209198,4189.000000000000,0.004730000000
1505209289,4190.000000000000,0.003510000000
1505210010,4190.000000000000,0.003290000000
1505210336,4190.000000000000,0.029370000000
1505210393,4190.000000000000,0.009290000000
1505224938,3533.110000000000,0.003890000000
1505224938,3533.110000000000,0.210580000000
1505224994,3533.000000000000,0.079070000000
1505225035,4200.000000000000,0.119520000000
1505225844,4200.000000000000,0.127400000000
1505272878,3560.000000000000,0.002800000000
1505282510,3561.000000000000,0.189000000000
1505288758,3561.000000000000,0.001900000000
1505288974,4148.000000000000,0.001630000000
1505317160,4146.990000000000,0.000950000000
1505348952,3572.110000000000,0.011340000000
1505356556,3577.000000000000,0.005220000000
1505357941,3577.000000000000,0.001100000000
1505358825,3577.000000000000,0.011730000000
1505366059,4143.000000000000,0.002150000000
1505370998,3574.000000000000,0.001890000000
1505371164,3573.000000000000,0.003430000000
1505379246,3900.000000000000,0.002280000000
1505383110,3573.000000000000,0.103010000000
1505383239,4100.000000000000,0.030000000000
1505383456,4100.000000000000,0.019490000000
1505383506,4100.000000000000,0.035130000000
1505384123,4142.990000000000,0.005090000000
1505384650,3574.000000000000,0.010000000000
1505384668,3573.000000000000,0.049530000000
1505384974,3573.000000000000,0.013620000000
1505389814,3572.120000000000,0.011330000000
1505407254,3994.999900000000,0.005280000000
1505411334,3203.000000000000,0.108200000000
1505411409,3203.000000000000,0.002520000000
1505432903,3203.100000000000,0.006580000000
1505432903,3203.000000000000,0.172490000000
1505432949,3102.100000000000,0.001030000000
1505432981,3003.000000000000,0.006660000000
1505432981,3002.000000000000,0.010000000000
1505432981,3000.000000000000,0.010000000000
1505439487,3000.000000000000,0.028470000000
1505439834,3666.000000000000,0.500000000000
1505449671,3000.000000000000,0.001000000000
1505450621,3398.000000000000,0.000880000000
1505453788,3000.000000000000,0.021890000000
1505454850,2900.000000000000,0.010000000000
1505454982,2900.000000000000,0.026130000000
1505456699,2800.000000000000,0.002200000000
1505460564,2800.000000000000,0.007800000000
1505463454,2700.000000000000,0.002440000000
1505464055,2700.000000000000,0.007560000000
1505464087,2600.000000000000,0.010000000000
1505468126,2888.000000000000,0.550000000000
1505472236,2301.010000000000,0.005760000000
1505474915,2301.000000000000,0.015780000000
1505474983,2300.000000000000,0.010000000000
1505474983,2300.000000000000,0.084230000000
1505478533,2300.000000000000,0.086190000000
1505478926,2300.000000000000,0.047830000000
1505479152,2300.000000000000,0.017420000000
1505479420,2650.000000000000,0.258310000000
1505482869,2300.010000000000,0.126130000000
1505486948,2301.000000000000,0.017580000000
1505487112,2300.010000000000,0.040100000000
1505487112,2300.010000000000,0.010140000000
1505492185,3000.000000000000,0.070900000000
1505502590,2300.010000000000,0.146250000000
1505521923,2650.000000000000,0.014480000000
1505522183,3000.000000000000,0.007880000000
1505522723,3350.000000000000,0.000750000000
1505523188,3350.000000000000,0.005920000000
1505542027,3400.000000000000,0.082440000000
1505550921,3400.000000000000,0.002920000000
1505554432,3400.000000000000,0.202360000000
1505556448,3000.000000000000,0.464000000000
1505562785,3000.000000000000,0.017130000000
1505597598,2900.000000000000,0.002700000000
1505608959,2900.000000000000,0.010000000000
1505614887,2950.000000000000,0.008070000000
1505622380,2950.000000000000,0.157190000000
1505623608,2950.000000000000,0.015850000000
1505651282,3300.000000000000,0.460000000000
1505694927,3000.000000000000,0.056470000000
1505695954,2965.000000000000,0.005050000000
1505696033,2950.000000000000,0.001010000000
1505696142,2900.000000000000,0.010000000000
1505696278,2300.020000000000,0.009710000000
1505696278,2300.010000000000,0.160290000000
1505709366,2305.000000000000,0.059000000000
1505709366,2305.000000000000,0.009470000000
1505709493,2303.010000000000,0.048180000000
1505709493,2303.000000000000,0.167330000000
1505711029,2303.000000000000,0.012080000000
1505711652,3390.000000000000,0.002940000000
1505718152,2303.500000000000,0.013060000000
1505719516,3000.000000000000,0.012210000000
1505723554,2905.000000000000,0.004350000000
1505723959,2905.000000000000,0.015650000000
1505724536,2805.000000000000,0.006910000000
1505724569,2805.000000000000,0.004520000000
1505728052,3000.000000000000,0.057130000000
1505728354,2805.000000000000,0.003790000000
1505730208,2905.000000000000,0.100210000000
1505730301,3379.000000000000,0.009740000000
1505730321,3380.000000000000,0.002130000000
1505730334,3390.000000000000,0.099090000000
1505730356,3400.000000000000,0.009100000000
1505735040,2805.000000000000,0.004780000000
1505735225,2705.000000000000,0.020000000000
1505735261,2606.000000000000,0.012630000000
1505735303,2605.000000000000,0.015220000000
1505739846,3350.000000000000,0.003580000000
1505739959,3350.000000000000,0.002400000000
1505743734,2737.000000000000,0.004000000000
1505786112,3250.000000000000,0.053020000000
1505791839,3300.000000000000,0.001920000000
1505791839,3300.000000000000,0.051410000000
1505792291,2800.000000000000,0.116440000000
1505792315,2800.000000000000,0.003550000000
1505792715,2800.000000000000,0.042520000000
1505792904,2800.000000000000,0.003600000000
1505794555,2810.000000000000,0.095550000000
1505795161,2810.000000000000,0.027540000000
1505795318,2801.000000000000,0.003590000000
1505795382,2800.000000000000,0.003510000000
1505795883,2800.000000000000,0.062040000000
1505795971,2800.000000000000,0.007140000000
1505795971,2800.000000000000,0.008700000000
1505795971,2800.000000000000,0.007100000000
1505797376,2800.000000000000,0.001780000000
1505797513,2736.100000000000,0.050000000000
1505797558,2735.000000000000,0.001680000000
1505797633,2700.000000000000,0.025950000000
1505797857,3300.000000000000,0.012640000000
1505799343,3300.000000000000,0.011620000000
1505799754,3250.000000000000,0.014580000000
1505804561,2700.000000000000,0.040120000000
1505804624,2605.000000000000,0.003000000000
1505804733,2605.000000000000,0.001780000000
1505804733,2605.000000000000,0.003420000000
1505805212,2505.000000000000,0.010740000000
1505805689,3000.000000000000,0.650000000000
1505806023,3245.000000000000,0.014600000000
1505806134,3245.000000000000,0.003900000000
1505808798,2510.000000000000,0.000500000000
1505812916,2515.000000000000,0.022940000000
1505815278,3000.000000000000,0.037800000000
1505815764,3235.000000000000,0.022940000000
1505816041,3245.000000000000,0.104590000000
1505816041,3245.000000000000,0.043640000000
1505816041,3245.000000000000,0.003370000000
1505817389,3245.000000000000,0.016980000000
1505818313,3245.000000000000,0.006190000000
1505818550,3300.000000000000,0.043430000000
1505818550,3300.000000000000,0.045360000000
1505818550,3300.000000000000,0.034910000000
1505818568,3349.000000000000,0.003680000000
1505818568,3349.000000000000,0.003420000000
1505818584,3350.000000000000,0.012630000000
1505818633,3351.000000000000,0.003590000000
1505818654,3400.000000000000,0.149550000000
1505818654,3400.000000000000,0.112550000000
1505818670,3500.000000000000,0.038250000000
1505818670,3500.000000000000,0.005600000000
1505818889,3235.000000000000,0.000500000000
1505820191,3235.000000000000,0.011610000000
1505823255,3500.000000000000,0.015690000000
1505823255,3500.000000000000,0.005350000000
1505823366,3500.000000000000,0.021040000000
1505823863,3500.000000000000,0.075060000000
1505825492,3100.000000000000,0.020000000000
1505829364,3050.000000000000,0.067730000000
1505830059,3500.000000000000,0.004910000000
1505830487,3500.000000000000,0.028840000000
1505831346,3970.000000000000,0.002600000000
1505831435,3970.000000000000,0.001620000000
1505831435,3974.990000000000,0.009130000000
1505831525,4000.000000000000,0.011900000000
1505833304,3000.000000000000,0.015900000000
1505869334,3005.000000000000,0.028500000000
1505871127,3990.000000000000,0.018860000000
1505871127,3990.000000000000,0.000670000000
1505871185,3990.000000000000,0.001930000000
1505871429,3006.000000000000,0.000990000000
1505871915,3006.000000000000,0.003020000000
1505871971,3006.000000000000,0.003010000000
1505871997,3005.000000000000,0.104550000000
1505871997,3005.000000000000,0.075420000000
1505872050,3990.000000000000,0.002270000000
1505873533,3005.000000000000,0.023460000000
1505875839,3005.000000000000,0.031910000000
1505875839,3005.000000000000,0.000880000000
1505876053,3001.000000000000,0.013980000000
1505876783,3005.000000000000,0.002810000000
1505877221,3005.000000000000,0.001180000000
1505877339,3000.000000000000,0.001000000000
1505877549,3000.000000000000,0.019190000000
1505880983,2901.000000000000,0.008950000000
1505883342,3000.000000000000,0.007930000000
1505883875,2901.000000000000,0.040330000000
1505885821,3000.000000000000,0.009270000000
1505885889,2901.000000000000,0.000720000000
1505887259,2900.000000000000,0.006750000000
1505887259,2900.000000000000,0.017600000000
1505894896,2901.000000000000,0.000280000000
1505895190,2901.000000000000,0.014880000000
1505895279,2901.000000000000,0.009330000000
1505895294,3000.000000000000,0.038990000000
1505899157,2901.000000000000,0.006950000000
1505902343,3000.000000000000,0.052190000000
1505905431,3000.000000000000,0.028260000000
1505908470,3699.000000000000,0.000940000000
1505908470,3699.000000000000,0.020000000000
1505908470,3700.000000000000,0.005720000000
1505908470,3700.000000000000,0.000880000000
1505909529,3700.000000000000,0.003600000000
1505909814,3700.000000000000,0.014400000000
1505910743,3700.000000000000,0.004310000000
1505920918,3200.000000000000,0.000700000000
1505921190,3200.000000000000,0.002920000000
1505921237,3200.000000000000,0.000910000000
1505922770,3700.000000000000,0.050830000000
1505924329,3200.001000000000,0.000800000000
1505950503,3200.001000000000,0.022320000000
1505950552,3200.000000000000,0.018980000000
1505950552,3200.000000000000,0.001020000000
1505951882,3200.000000000000,0.295360000000
1505956360,3200.000000000000,0.047850000000
1505956451,3001.000000000000,0.032680000000
1505956646,2800.000000000000,0.007000000000
1505956715,2701.000000000000,0.132700000000
1505960411,3686.000000000000,0.005150000000
1505966058,2756.000000000000,0.004340000000
1505966058,2756.000000000000,0.004660000000
1505968274,2756.000000000000,0.001170000000
1505969817,2760.000000000000,0.001000000000
1505970005,2760.000000000000,0.004770000000
1505970895,2756.000000000000,0.019890000000
1505971852,2760.000000000000,0.002230000000
1505971880,2760.000000000000,0.001000000000
1505973090,2760.000000000000,0.058920000000
1505975729,2760.000000000000,0.007000000000
1505976353,2766.000000000000,0.007950000000
1505976663,2760.000000000000,0.035870000000
1505976874,2756.000000000000,0.170710000000
1505979114,2756.000000000000,0.001140000000
1505986948,2760.000000000000,0.004460000000
1505987712,2756.000000000000,0.001000000000
1505987858,2760.000000000000,0.000990000000
1505991118,2760.000000000000,0.000600000000
1506002745,2900.000000000000,0.009920000000
1506007867,3354.000000000000,0.003030000000
1506008056,3354.000000000000,0.005730000000
1506008322,3354.000000000000,0.010520000000
1506008579,3354.000000000000,0.011510000000
1506009003,3354.000000000000,0.016410000000
1506009099,3354.000000000000,0.001000000000
1506009219,3354.000000000000,0.020000000000
1506009321,3354.000000000000,0.005210000000
1506009749,3354.000000000000,0.010160000000
1506011382,3354.000000000000,0.005610000000
1506014281,3354.000000000000,0.004540000000
1506022524,3354.000000000000,0.016340000000
1506039524,3349.000000000000,0.001240000000
1506045132,3100.000000000000,0.650000000000
1506046288,3296.000000000000,0.083250000000
1506046375,3300.000000000000,0.011110000000
1506046375,3300.000000000000,0.005600000000
1506046375,3348.000000000000,0.035690000000
1506046375,3349.000000000000,0.002770000000
1506046375,3350.000000000000,0.080000000000
1506046375,3350.000000000000,0.052640000000
1506048249,3050.100000000000,0.002100000000
1506048648,3050.100100000000,0.001000000000
1506048764,3050.100100000000,0.001400000000
1506049174,3050.200000000000,0.003680000000
1506049219,3050.200000000000,0.001000000000
1506049285,3352.999000000000,0.003340000000
1506050957,3051.000100000000,0.003670000000
1506051065,3051.000100000000,0.068990000000
1506051784,3351.998000000000,0.003670000000
1506051784,3351.998800000000,0.003550000000
1506052457,3351.998800000000,0.002400000000
1506052844,3351.998800000000,0.019670000000
1506053341,3351.998800000000,0.031090000000
1506053847,3351.998800000000,0.005750000000
1506059220,3230.010000000000,0.009800000000
1506059793,3353.000100000000,0.071000000000
1506061707,3300.000000000000,0.068500000000
1506061816,3300.000000000000,0.007940000000
1506062890,3300.000000000000,0.010330000000
1506063268,3353.000100000000,0.000280000000
1506063327,3354.000000000000,0.002240000000
1506063431,3555.000000000000,0.000700000000
1506063431,3630.000000000000,0.002270000000
1506063596,3300.000000000000,0.002020000000
1506064819,3301.010000000000,0.010150000000
1506066890,3331.000000000000,0.006660000000
1506068884,3359.010000000000,0.213870000000
1506069016,3359.010000000000,0.110000000000
1506070818,3359.010000000000,0.004450000000
1506073520,3600.000000000000,0.005240000000
1506077054,3334.000000000000,0.000700000000
1506078798,3334.000000000000,0.001420000000
1506079233,3334.000000000000,0.002390000000
1506080368,3334.000000000000,0.008000000000
1506082618,3334.000000000000,0.008690000000
1506082781,3334.000000000000,0.004190000000
1506082810,3333.000000000000,0.002590000000
1506089913,3333.000000000000,0.067130000000
1506089913,3333.000000000000,0.026830000000
1506089914,3330.000000000000,0.109290000000
1506095809,3330.000000000000,0.000960000000
1506124771,3600.000000000000,0.053630000000
1506127917,3330.100000000000,0.007260000000
1506127991,3330.000000000000,0.089750000000
1506128417,3231.000000000000,0.100190000000
1506138850,3231.000100000000,0.001500000000
1506139212,3231.000100000000,0.014800000000
1506141431,3231.000100000000,0.003090000000
1506145053,3300.000000000000,0.018650000000
1506149404,3300.000100000000,0.009740000000
1506149686,3300.000000000000,0.181350000000
1506150339,3231.000000000000,0.028300000000
1506156183,3231.100000000000,0.000910000000
1506163765,3300.000000000000,0.000620000000
1506164817,3300.000000000000,0.001360000000
1506171214,3300.000000000000,0.003320000000
1506177455,3300.000000000000,0.016080000000
1506180977,3300.000000000000,0.000980000000
1506221907,3496.000000000000,0.040470000000
1506223858,3495.000000000000,0.062680000000
1506226472,3490.000000000000,0.001060000000
1506230141,3302.000000000000,0.066360000000
1506231926,3301.000000000000,0.012000000000
1506233363,3301.000000000000,0.002350000000
1506236418,3302.000000000000,0.033640000000
1506237980,3302.000000000000,0.005330000000
1506240814,3302.000000000000,0.000100000000
1506243050,3480.000000000000,0.001010000000
1506243237,3490.000000000000,0.001250000000
1506243296,3497.000000000000,0.000600000000
1506244976,3301.000000000000,0.010320000000
1506252104,3488.000000000000,0.001380000000
1506254275,3302.000500000000,0.038510000000
1506256239,3302.300000000000,0.089280000000
1506256260,3302.300000000000,0.004520000000
1506258011,3482.000500000000,0.093040000000
1506263388,3350.000000000000,0.007540000000
1506271857,3488.000000000000,0.008480000000
1506273584,3488.000000000000,0.002000000000
1506273735,3497.000000000000,0.010010000000
1506273771,3498.000000000000,0.003280000000
1506273771,3498.000000000000,0.075410000000
1506303892,3353.500000000000,0.001510000000
1506306914,3351.000000000000,0.000770000000
1506308196,3480.000000000000,0.026060000000
1506308897,3480.000000000000,0.012620000000
1506309093,3480.000000000000,0.001970000000
1506310069,3395.000000000000,0.000990000000
1506312187,3395.000000000000,0.023180000000
1506312226,3395.000000000000,0.012500000000
1506315158,3485.000000000000,0.238760000000
1506315776,3395.000000000000,0.009290000000
1506316715,3395.000000000000,0.008940000000
1506316993,3395.000000000000,0.010980000000
1506318029,3396.000000000000,0.010170000000
1506318106,3395.000000000000,0.011040000000
1506318519,3449.000000000000,0.000770000000
1506318631,3450.000000000000,0.011000000000
1506318763,3485.000000000000,0.009010000000
1506322076,3395.000000000000,0.005750000000
1506323477,3395.000000000000,0.012750000000
1506323477,3395.000000000000,0.000370000000
1506323729,3396.000000000000,0.000780000000
1506324411,3395.000000000000,0.006360000000
1506324479,3396.000000000000,0.006350000000
1506325176,3395.000000000000,0.016330000000
1506326243,3395.000000000000,0.006800000000
1506326435,3395.000000000000,0.070000000000
1506326854,3395.000000000000,0.005520000000
1506327836,3395.000000000000,0.135000000000
1506328657,3395.000000000000,0.000310000000
1506328696,3396.000000000000,0.003340000000
1506328787,3484.000000000000,0.010950000000
1506328787,3485.000000000000,0.147130000000
1506328787,3485.000000000000,0.006970000000
1506328812,3370.000000000000,0.028040000000
1506329194,3485.000000000000,0.028060000000
1506329461,3370.000000000000,0.013660000000
1506330086,3371.000000000000,0.006210000000
1506330498,3371.000000000000,0.005110000000
1506332524,3370.000000000000,0.037170000000
1506334098,3370.000000000000,0.017340000000
1506335968,3370.000000000000,0.008890000000
1506336452,3370.000000000000,0.028020000000
1506342532,3371.100000000000,0.001160000000
1506343303,3484.000000000000,0.011320000000
1506343352,3485.000000000000,0.005920000000
1506343402,3495.000000000000,0.300000000000
1506343970,3498.000000000000,0.007130000000
1506343970,3498.000000000000,0.059970000000
1506344843,3390.000000000000,0.118750000000
1506346913,3391.000000000000,0.066660000000
1506346913,3390.000000000000,0.131250000000
1506346984,3390.000000000000,0.200000000000
1506347218,3390.000000000000,0.017000000000
1506348480,3390.000000000000,0.000590000000
1506350780,3497.000000000000,0.000590000000
1506350803,3498.000000000000,0.000030000000
1506350833,3588.000000000000,0.040000000000
1506355998,3421.000100000000,0.002010000000
1506362486,3421.000100000000,0.004170000000
1506387379,3500.000000000000,0.467470000000
1506387459,3500.000000000000,0.284310000000
1506390630,3500.000000000000,0.009410000000
1506392821,3500.000000000000,0.027780000000
1506393845,3480.000000000000,0.001690000000
1506394280,3500.000000000000,0.010310000000
1506394494,3587.000000000000,0.004170000000
1506395772,3580.000000000000,0.081110000000
1506396302,3580.000000000000,0.020090000000
1506396341,3588.000000000000,0.003510000000
1506396419,3600.000000000000,0.004860000000
1506396419,3600.000000000000,0.001060000000
1506399785,3600.000000000000,0.001630000000
1506400287,3500.000000000000,0.072530000000
1506400287,3500.000000000000,0.051980000000
1506400306,3499.000000000000,0.039700000000
1506402096,3500.000100000000,0.029520000000
1506402128,3500.000100000000,0.000300000000
1506402155,3500.000000000000,0.003830000000
1506402180,3481.000000000000,0.011530000000
1506403121,3481.000000000000,0.000010000000
1506403356,3481.000000000000,0.048070000000
1506405823,3481.000000000000,0.007390000000
1506407389,3599.000000000000,0.011540000000
1506407424,3600.000000000000,0.014630000000
1506407424,3600.000000000000,0.081200000000
1506407600,3680.000000000000,0.001020000000
1506407609,3680.000000000000,0.011500000000
1506407631,3699.000000000000,0.018400000000
1506407780,3700.000000000000,0.006750000000
1506407780,3700.000000000000,0.001280000000
1506407882,3700.000000000000,0.013030000000
1506410366,3482.000000000000,0.002420000000
1506411030,3482.000000000000,0.009510000000
1506411030,3482.000000000000,0.028790000000
1506411056,3482.000000000000,0.001030000000
1506411056,3481.000000000000,0.187640000000
1506413015,3481.000000000000,0.000500000000
1506415303,3490.000000000000,0.078690000000
1506417098,3490.000000000000,0.000810000000
1506418490,3482.000100000000,0.001980000000
1506419308,3500.000000000000,0.020030000000
1506420454,3520.000000000000,0.069680000000
1506424852,3545.000000000000,0.005970000000
1506426046,3550.010000000000,0.151820000000
1506428382,3610.100000000000,0.009350000000
1506428437,3610.100000000000,0.006470000000
1506429280,3849.000000000000,0.023010000000
1506429740,3850.000000000000,0.019230000000
1506429988,3994.000000000000,0.011930000000
1506429988,3995.000000000000,0.299960000000
1506432312,3650.000000000000,0.144940000000
1506433307,3650.000100000000,0.028150000000
1506439150,3700.000000000000,0.001020000000
1506444491,3965.000000000000,0.079420000000
1506444491,3965.000000000000,0.003850000000
1506464545,3700.000000000000,0.044260000000
1506470451,3952.000000000000,0.003860000000
1506472554,3852.000000000000,0.000560000000
1506476566,3655.000000000000,0.007280000000
1506476816,3852.000000000000,0.010210000000
1506476816,3852.000000000000,0.090790000000
1506477362,3655.001000000000,0.014260000000
1506480319,3656.001000000000,0.011930000000
1506480423,3852.000000000000,0.036360000000
1506483063,3656.020000000000,0.013030000000
1506483170,3656.020000000000,0.007970000000
1506483232,3750.000000000000,0.195020000000
1506484082,3657.000000000000,0.000590000000
1506488184,3701.000000000000,0.010690000000
1506488395,3701.000000000000,0.009280000000
1506488963,3799.999000000000,0.011720000000
1506490658,3701.000000000000,0.006000000000
1506492430,3658.120000000000,0.015450000000
1506493591,3658.130000000000,0.008550000000
1506494034,3658.130000000000,0.050000000000
1506494261,3658.130000000000,0.209000000000
1506495704,3658.130000000000,0.014100000000
1506496716,3670.100000000000,0.039800000000
1506496801,3670.100000000000,0.017970000000
1506498244,3670.400000000000,0.012140000000
1506498312,3670.400000000000,0.002110000000
1506500789,3670.400000000000,0.209050000000
1506500823,3670.000000000000,0.065000000000
1506504568,3670.000000000000,0.022140000000
1506507107,3671.000000000000,0.023700000000
1506509049,3700.100000000000,0.000500000000
1506509108,3798.999000000000,0.000820000000
1506509458,3700.100000000000,0.044430000000
1506512654,3789.880000000000,0.012630000000
1506512699,3789.990000000000,0.099580000000
1506512753,3790.000000000000,0.080070000000
1506515021,3799.999000000000,0.041750000000
1506515021,3800.000000000000,0.009050000000
1506515424,3852.000000000000,0.125000000000
1506515498,3852.000000000000,0.067210000000
1506515498,3852.000000000000,0.004190000000
1506516514,3801.000000000000,0.072650000000
1506517382,3899.000000000000,0.100000000000
1506517811,3802.000000000000,0.100000000000
1506517877,3802.000000000000,0.032410000000
1506518702,3802.000000000000,0.011510000000
1506518951,3890.000000000000,0.100000000000
1506520225,3810.000000000000,0.100000000000
1506521135,3810.000000000000,0.017970000000
1506522896,3815.000000000000,0.005010000000
1506523901,3889.000000000000,0.080000000000
1506523901,3889.000000000000,0.009030000000
1506523901,3890.000000000000,0.022200000000
1506523901,3899.000000000000,0.083740000000
1506525752,3899.000000000000,0.013630000000
1506528380,3825.111100000000,0.001140000000
1506528616,3825.000000000000,0.110650000000
1506528616,3825.111100000000,0.012190000000
1506532774,3825.000000000000,0.000500000000
1506535786,3939.990000000000,0.061500000000
1506535786,3939.990000000000,0.040630000000
1506537480,3939.990000000000,0.024760000000
1506544837,3939.990000000000,0.013330000000
1506550020,3939.990000000000,0.055980000000
1506552493,3900.000000000000,0.007530000000
1506556129,3919.000000000000,0.120000000000
1506556691,3939.990000000000,0.024890000000
1506557035,3939.990000000000,0.150000000000
1506557157,3939.990000000000,0.009030000000
1506557341,3940.000000000000,0.024670000000
1506560141,3900.000000000000,0.009960000000
1506563730,3939.000000000000,0.009960000000
1506563749,3940.000000000000,0.019250000000
1506563948,3949.600000000000,0.002700000000
1506563966,3949.990000000000,0.061500000000
1506563994,3950.000000000000,0.312610000000
1506565190,3950.000000000000,0.149270000000
1506566505,3826.600000000000,0.043940000000
1506566505,3826.600000000000,0.013720000000
1506567127,3826.600000000000,0.006530000000
1506567228,3826.600000000000,0.002090000000
1506568827,3827.010100000000,0.026080000000
1506570329,3830.000000000000,0.016000000000
1506570692,3830.000000000000,0.184000000000
1506570692,3827.010100000000,0.075430000000
1506570745,3827.000000000000,0.066200000000
1506571390,3830.000000000000,0.006080000000
1506571837,3830.000000000000,0.046960000000
1506571889,3830.000000000000,0.060320000000
1506571976,3830.000000000000,0.004080000000
1506572167,3830.000000000000,0.034870000000
1506572759,3830.000000000000,0.012010000000
1506573037,3830.000000000000,0.005290000000
1506573148,3900.000000000000,0.005120000000
1506575535,3850.100000000000,0.018170000000
1506575965,3900.000000000000,0.010380000000
1506575965,3900.000000000000,0.016000000000
1506576511,3870.000000000000,0.008960000000
1506577330,3880.000000000000,0.072050000000
1506581046,3880.100000000000,0.070750000000
1506581443,3880.100000000000,0.150610000000
1506582187,3885.000000000000,0.150390000000
1506583194,3925.000000000000,0.015610000000
1506583627,3875.000000000000,0.006420000000
1506585026,3875.000000000000,0.029980000000
1506586211,3875.000000000000,0.001560000000
1506588164,3875.000000000000,0.092370000000
1506588164,3875.000000000000,0.024000000000
1506588937,3831.000000000000,0.003600000000
1506589139,3831.000000000000,0.037280000000
1506589674,3831.000000000000,0.000720000000
1506589818,3831.000000000000,0.081740000000
1506591037,3831.000000000000,0.010830000000
1506591099,3827.000000000000,0.033000000000
1506591415,3827.000000000000,0.115000000000
1506591789,3827.000000000000,0.046640000000
1506593750,3924.888800000000,0.013720000000
1506593792,3924.999000000000,0.115000000000
1506593807,3940.000000000000,0.150610000000
1506593807,3940.000000000000,0.046640000000
1506593869,3946.000000000000,0.012450000000
1506593869,3949.000000000000,0.104980000000
1506593869,3950.000000000000,0.080740000000
1506593869,3950.000000000000,0.052690000000
1506593869,3963.000000000000,0.006590000000
1506593869,3994.999000000000,0.003580000000
1506593869,3995.000000000000,0.238970000000
1506593882,3995.000000000000,0.371070000000
1506593882,3999.000000000000,0.228930000000
1506593915,3999.000000000000,0.017460000000
1506593997,4000.000000000000,0.007990000000
1506594938,4050.000000000000,0.115190000000
1506595824,3900.000000000000,0.036570000000
1506596160,3900.000000000000,0.017500000000
1506597062,3900.000000000000,0.718290000000
1506597316,3900.000000000000,1.316320000000
1506603479,3900.000000000000,0.029060000000
1506603594,3830.000100000000,0.020240000000
1506603627,3830.000100000000,0.205290000000
1506614899,3830.350600000000,0.040000000000
1506649719,3830.351300000000,0.001840000000
1506649755,3830.351300000000,0.012220000000
1506649769,3830.351300000000,0.004030000000
1506649840,3830.351200000000,0.011700000000
1506649840,3830.351200000000,0.080920000000
1506649840,3830.350500000000,0.005370000000
1506649840,3830.350000000000,0.002540000000
1506649840,3830.300000000000,0.159000000000
1506649840,3830.000000000000,0.000980000000
1506649840,3827.000000000000,0.012490000000
1506649999,3815.000000000000,0.017880000000
1506650063,3815.000000000000,0.020340000000
1506650789,3830.351300000000,0.028170000000
1506651933,3830.351300000000,0.025470000000
1506653560,3815.000000000000,0.004600000000
1506654012,3815.000000000000,0.005000000000
1506657091,3815.000000000000,0.078290000000
1506657374,3800.000000000000,0.001850000000
1506657445,3700.000000000000,0.008630000000
1506657528,3670.000000000000,0.005300000000
1506657610,3670.000000000000,0.104260000000
1506657610,3670.000000000000,0.194650000000
1506657675,3658.130000000000,0.073390000000
1506657969,3510.000000000000,0.076470000000
1506658134,3510.000000000000,0.204250000000
1506658134,3485.000000000000,0.354320000000
1506658134,3482.000100000000,0.223920000000
1506658433,3482.000100000000,0.187440000000
1506661565,3490.000000000000,0.011160000000
1506664518,3500.000000000000,0.021930000000
1506665427,3490.000000000000,0.169690000000
1506665499,3500.000000000000,0.024780000000
1506666014,3700.000000000000,0.009960000000
1506666014,3800.000000000000,0.010780000000
1506666014,3700.000000000000,0.018990000000
1506666014,3815.000000000000,0.200000000000
1506666102,3829.350000000000,0.014060000000
1506666102,3890.000000000000,0.020010000000
1506666102,3899.990000000000,0.011700000000
1506666102,3900.000000000000,0.354230000000
1506666425,3900.000000000000,0.010610000000
1506666678,3988.000000000000,0.018860000000
1506666678,3988.000000000000,0.020240000000
1506666931,3600.000000000000,0.009690000000
1506668215,4000.000000000000,0.008090000000
1506668215,4000.000000000000,0.013200000000
1506668215,4040.000000000000,0.001780000000
1506668215,4040.000000000000,0.009480000000
1506668215,4100.000000000000,0.034280000000
1506668419,4100.000000000000,0.009690000000
1506668525,4100.000000000000,0.012590000000
1506668958,4100.000000000000,0.002280000000
1506669349,4100.000000000000,0.404820000000
1506669394,4100.000000000000,0.391200000000
1506669462,4100.000000000000,0.034670000000
1506669620,4100.000000000000,0.077920000000
1506672310,4089.000000000000,0.012440000000
1506672625,3710.999100000000,0.003410000000
1506672761,3712.000000000000,0.002880000000
1506673527,4079.997900000000,0.042910000000
1506673760,4079.990000000000,0.050000000000
1506673760,4079.998000000000,0.017960000000
1506673760,4099.000000000000,0.092360000000
1506673760,4100.000000000000,0.122030000000
1506673761,4100.000000000000,0.005000000000
1506673761,4100.000000000000,0.052940000000
1506673831,4100.000000000000,0.007740000000
1506677237,3901.001200000000,0.011730000000
1506677661,3902.000100000000,0.002880000000
1506682071,3902.000000000000,0.020400000000
1506682373,3901.001200000000,0.001000000000
1506685220,3901.001200000000,0.002130000000
1506689234,3952.000000000000,0.016570000000
1506689832,3952.000000000000,0.204710000000
1506690035,3952.000000000000,0.001210000000
1506690165,3952.000000000000,0.003490000000
1506695343,3952.000000000000,0.000680000000
1506699713,4099.000000000000,0.024650000000
1506700148,4000.000000000000,0.006710000000
1506701047,4000.000000000000,0.009240000000
1506701096,4000.000000000000,0.009250000000
1506701112,4000.000000000000,0.009250000000
1506701134,4000.000000000000,0.009250000000
1506701134,4000.000000000000,0.002780000000
1506701173,4000.000000000000,0.012030000000
1506701185,4000.000000000000,0.012030000000
1506701217,4000.000000000000,0.010900000000
1506701233,4000.000000000000,0.009990000000
1506701237,4000.000000000000,0.008790000000
1506701251,4000.000000000000,0.007890000000
1506701255,4000.000000000000,0.010600000000
1506701259,4000.000000000000,0.009170000000
1506701367,4000.000000000000,0.019640000000
1506701377,4000.000000000000,0.017180000000
1506701384,4000.000000000000,0.023110000000
1506701399,4000.000000000000,0.021370000000
1506701409,4000.000000000000,0.021950000000
1506701453,4000.000000000000,0.004750000000
1506701453,3980.000000000000,0.017200000000
1506701470,3980.000000000000,0.021950000000
1506701484,3980.000000000000,0.012920000000
1506701505,3960.000000000000,0.019780000000
1506704686,4000.000000000000,0.042340000000
1506718763,4099.000000000000,0.028120000000
1506718763,4100.000000000000,0.020740000000
1506718763,4098.000000000000,0.050000000000
1506726534,4000.000000000000,0.000680000000
1506728982,4000.000000000000,0.010680000000
1506730190,4097.000000000000,0.008210000000
1506730308,4098.000000000000,0.013400000000
1506730917,4000.000100000000,0.001590000000
1506734304,4000.000200000000,0.007920000000
1506735942,4000.000400000000,0.004430000000
1506736644,4000.000400000000,0.004210000000
1506737020,4000.000400000000,0.005040000000
1506737448,4000.000400000000,0.000630000000
1506737452,4000.000400000000,0.194920000000
1506737859,4000.000100000000,0.160710000000
1506738453,4000.000100000000,0.006400000000
1506738478,4000.000000000000,0.176390000000
1506738509,3950.000000000000,0.024830000000
1506738529,3920.080000000000,0.002060000000
1506738552,3761.000100000000,0.019480000000
1506738579,3761.000100000000,0.069250000000
1506740000,3761.000200000000,0.003200000000
1506740473,3761.000200000000,0.011120000000
1506741632,3765.000000000000,0.035210000000
1506741632,3765.000000000000,0.050670000000
1506742364,3766.000000000000,0.002780000000
1506742965,3770.000000000000,0.002510000000
1506743002,3770.000000000000,0.018110000000
1506743329,3770.000000000000,0.023520000000
1506743633,3770.000000000000,0.009380000000
1506743955,3800.000000000000,0.012400000000
1506745956,3800.000000000000,0.010800000000
1506748316,3800.000000000000,0.123700000000
1506754050,3812.000000000000,0.015370000000
1506758311,3820.000000000000,0.011320000000
1506760228,3830.000000000000,0.041810000000
1506762099,3998.000000000000,0.004230000000
1506762557,3960.000000000000,0.002800000000
1506762827,3960.000000000000,0.002090000000
1506762903,3860.000000000000,0.003460000000
1506762924,3998.000000000000,0.035770000000
1506762924,3999.000000000000,0.021380000000
1506763039,3860.000000000000,0.002530000000
1506763407,3860.000000000000,0.006700000000
1506763566,3860.000000000000,0.002740000000
1506768150,3860.000000000000,0.029880000000
1506768964,3860.000000000000,0.011200000000
1506769258,3860.000000000000,0.007000000000
1506770242,3860.000000000000,0.014640000000
1506773196,3860.001000000000,0.036390000000
1506773420,3860.001000000000,0.000630000000
1506774334,3990.000000000000,0.005710000000
1506777151,3990.000000000000,0.990000000000
1506777776,3990.000000000000,0.011230000000
1506777909,3940.000000000000,0.007500000000
1506779638,3940.000000000000,0.014410000000
1506779733,3989.000000000000,0.014230000000
1506780037,3940.000000000000,0.069250000000
1506780567,3940.000000000000,0.000660000000
1506781502,3940.000000000000,0.002780000000
1506787387,3940.000000000000,0.002860000000
1506787511,3940.000000000000,0.010140000000
1506789927,3990.000000000000,0.655120000000
1506790305,3990.000000000000,0.648810000000
1506800282,3990.000000000000,0.017610000000
1506800282,3990.000000000000,0.398370000000
1506812918,3990.000000000000,0.003760000000
1506812918,3990.000000000000,0.350090000000
1506812918,3990.000000000000,0.181800000000
1506814412,3990.000000000000,0.011790000000
1506816686,3990.000000000000,0.014580000000
1506817403,3990.000000000000,0.037980000000
1506822536,3920.000000000000,0.002500000000
1506823202,3920.000000000000,0.097500000000
1506823284,3900.000000000000,0.001200000000
1506823625,3920.000000000000,0.019150000000
1506824131,3997.000000000000,0.006880000000
1506824304,3920.000000000000,0.035990000000
1506824355,3920.000000000000,0.132130000000
1506824663,3920.000000000000,0.007370000000
1506825242,3900.000000000000,0.053000000000
1506825498,3900.000000000000,0.040890000000
1506825759,3900.000000000000,0.004910000000
1506825991,3900.000000000000,0.030470000000
1506827500,3880.000000000000,0.035120000000
1506827636,3880.000000000000,0.064880000000
1506828389,3860.001000000000,0.009780000000
1506832112,3860.001000000000,0.003230000000
1506832712,3880.000000000000,0.022640000000
1506838249,3860.001000000000,0.006000000000
1506839033,3860.000000000000,0.007980000000
1506839974,3860.000000000000,0.013870000000
1506839974,3860.000000000000,0.015340000000
1506841378,3860.000000000000,0.006700000000
1506842092,3860.000000000000,0.059850000000
1506842092,3860.000000000000,0.005310000000
1506842406,3860.001000000000,0.061400000000
1506842426,3880.000000000000,0.010820000000
1506842751,3859.000000000000,0.002870000000
1506842995,3840.000000000000,0.028290000000
1506844066,3840.000000000000,0.029750000000
1506845094,3840.000000000000,0.001000000000
1506847585,3840.000000000000,0.040960000000
1506847659,3900.000000000000,0.002500000000
1506847747,3820.000000000000,0.003150000000
1506852039,3820.000000000000,0.007650000000
1506855688,3821.000000000000,0.009450000000
1506859657,3821.000000000000,0.005680000000
1506861594,3825.000000000000,0.014060000000
1506866723,3825.000000000000,0.004470000000
1506866723,3821.000000000000,0.002490000000
1506873963,3900.000000000000,0.007690000000
1506893789,3821.100000000000,0.122280000000
1506897014,3821.100000000000,0.001270000000
1506900872,3821.100000000000,0.001450000000
1506900872,3821.100000000000,0.009940000000
1506902488,3821.000100000000,0.032560000000
1506902488,3821.000000000000,0.042380000000
1506902609,3820.000000000000,0.020000000000
1506903475,3820.000000000000,0.011690000000
1506903794,3820.000000000000,0.015680000000
1506905067,3820.000000000000,0.002990000000
1506905304,3820.000000000000,0.005380000000
1506905501,3820.000000000000,0.021210000000
1506905760,3820.000000000000,0.012250000000
1506906599,3800.000000000000,0.004600000000
1506909187,3800.000000000000,0.008590000000
1506909599,3810.000000000000,0.006980000000
1506909883,3810.000000000000,0.011110000000
1506911837,3800.000000000000,0.005600000000
1506913078,3800.000000000000,0.001610000000
1506913277,3800.000000000000,0.079600000000
1506913385,3800.000000000000,0.020000000000
1506913690,3780.000000000000,0.006030000000
1506914653,3800.000000000000,0.105600000000
1506914809,3800.000000000000,0.008830000000
1506915074,3800.000000000000,0.011210000000
1506915167,3780.000000000000,0.038400000000
1506918082,3810.000000000000,0.001490000000
1506918470,3810.000000000000,0.008350000000
1506918470,3810.000000000000,0.009180000000
1506918940,3899.000000000000,0.020000000000
1506919447,3780.000000000000,0.002090000000
1506921267,3780.000000000000,0.002700000000
1506925228,3898.000000000000,0.134150000000
1506925228,3899.000000000000,0.100000000000
1506925228,3900.000000000000,0.002410000000
1506925228,3900.000000000000,0.481380000000
1506926899,3761.001000000000,0.003800000000
1506927043,3761.000000000000,0.020480000000
1506927446,3761.000000000000,0.000500000000
1506929998,3761.000000000000,0.000480000000
1506929998,3761.000000000000,0.005690000000
1506929998,3761.000000000000,0.045930000000
1506930215,3761.000000000000,0.005380000000
1506933025,3761.000000000000,0.000840000000
1506933397,3761.000000000000,0.000500000000
1506933510,3899.999000000000,0.000960000000
1506934690,3761.000000000000,0.000770000000
1506935445,3899.888800000000,0.014320000000
1506936338,3899.888800000000,0.032950000000
1506936478,3762.000000000000,0.014840000000
1506936540,3761.000000000000,0.000760000000
1506936540,3761.000000000000,0.005020000000
1506938754,3701.000100000000,0.001000000000
1506938943,3701.000100000000,0.057350000000
1506942094,3701.000100000000,0.001340000000
1506942142,3670.000000000000,0.079980000000
1506942142,3701.000100000000,0.000310000000
1506944410,3670.000000000000,0.010760000000
1506944688,3670.000000000000,0.007690000000
1506944894,3761.000000000000,0.010900000000
1506944894,3762.000000000000,0.113470000000
1506946994,3670.000000000000,0.010210000000
1506952630,3670.000000000000,0.114740000000
1506952750,3652.000000000000,0.021310000000
1506953200,3652.000000000000,0.053650000000
1506953377,3513.000000000000,0.010000000000
1506953472,3500.000000000000,0.077360000000
1506953958,3652.000000000000,0.010000000000
1506960709,3550.000000000000,0.001800000000
1506971783,3762.000000000000,0.000810000000
1506991516,3550.001000000000,0.001000000000
1506993564,3550.001000000000,0.000050000000
1506994214,3550.000000000000,0.007400000000
1506994344,3500.000000000000,0.023010000000
1506997186,3500.000000000000,0.007620000000
1506997632,3500.000000000000,0.009540000000
1506997851,3500.000000000000,0.074990000000
1506998452,3500.000000000000,0.033330000000
1506999758,3500.000000000000,0.018930000000
1507000990,3550.001000000000,0.003950000000
1507006473,3501.123400000000,0.021820000000
1507011215,3501.123400000000,0.018330000000
1507013605,3501.130000000000,0.038460000000
1507013797,3501.123400000000,0.088070000000
1507015150,3501.123400000000,0.008840000000
1507015472,3501.123400000000,0.001480000000
1507015521,3501.000000000000,0.012200000000
1507015574,3500.000000000000,0.005230000000
1507016090,3500.000000000000,0.002050000000
1507020535,3550.123400000000,0.002020000000
1507021226,3550.123400000000,0.007510000000
1507024953,3500.000000000000,0.009060000000
1507025321,3550.000000000000,0.002870000000
1507025354,3550.123400000000,0.008220000000
1507025389,3551.123400000000,0.001610000000
1507025455,3850.000000000000,0.016310000000
1507025455,3850.000000000000,0.016300000000
1507026324,3880.000000000000,0.054210000000
1507028011,3880.000000000000,0.008170000000
1507043381,3500.110000000000,0.001200000000
1507043946,3500.110000000000,0.013190000000
1507052837,3500.110000000000,0.007230000000
1507081207,3600.110000000000,0.000720000000
1507083493,3600.110000000000,0.023350000000
1507083569,3600.110000000000,0.003470000000
1507083701,3510.000000000000,0.023370000000
1507084281,3600.110000000000,0.020030000000
1507084381,3800.000000000000,0.009810000000
1507084381,3800.000000000000,0.146900000000
1507084490,3850.000000000000,0.007680000000
1507084557,3868.000000000000,0.010020000000
1507084617,3868.999900000000,0.014770000000
1507084624,3870.000000000000,0.095610000000
1507084624,3870.000000000000,0.025170000000
1507084624,3879.000000000000,0.070000000000
1507084625,3879.999900000000,0.058830000000
1507084750,3879.999900000000,0.610990000000
1507084792,3880.000000000000,0.150000000000
1507084796,3880.000000000000,0.186230000000
1507085091,3880.000000000000,0.000830000000
1507085112,3900.000000000000,0.031570000000
1507085640,3900.000000000000,0.018270000000
1507085640,3900.000000000000,0.223380000000
1507087145,3895.000000000000,0.020480000000
1507087179,3979.999000000000,0.003890000000
1507087237,3979.999000000000,0.001000000000
1507087302,3979.999000000000,0.001000000000
1507087331,3980.000000000000,0.028670000000
1507087331,3980.000000000000,0.141490000000
1507087357,3979.999000000000,0.001000000000
1507087399,3985.000000000000,0.015000000000
1507087428,3979.999000000000,0.001000000000
1507087470,3988.000000000000,0.007350000000
1507087477,3979.999000000000,0.001000000000
1507087508,3999.000000000000,0.000550000000
1507087531,4000.000000000000,0.013990000000
1507087540,3979.999000000000,0.001000000000
1507087601,4050.000000000000,0.001000000000
1507087661,4050.000000000000,0.001000000000
1507087721,3979.999000000000,0.001000000000
1507087723,4050.100000000000,0.008620000000
1507087772,4059.950000000000,0.068970000000
1507087838,3979.999000000000,0.001000000000
1507087847,4070.000000000000,0.011370000000
1507087897,3979.999000000000,0.001000000000
1507087961,4090.000000000000,0.021310000000
1507087963,3979.999000000000,0.001000000000
1507088015,4094.000000000000,0.002780000000
1507088022,3979.999000000000,0.001000000000
1507088077,3979.999000000000,0.001000000000
1507088120,4096.900000000000,0.029830000000
1507088138,3979.999000000000,0.001000000000
1507088197,3979.999000000000,0.001000000000
1507088235,4097.990000000000,0.019130000000
1507088264,3979.999000000000,0.001000000000
1507088318,3979.999000000000,0.001000000000
1507088364,4100.000000000000,0.070470000000
1507088364,4100.000000000000,0.040000000000
1507088364,4100.000000000000,0.465600000000
1507088364,4100.000000000000,0.113050000000
1507088384,3979.999000000000,0.001000000000
1507088438,3979.999000000000,0.001000000000
1507088503,3979.999000000000,0.001000000000
1507088558,3979.999000000000,0.001000000000
1507092606,3979.999000000000,0.000500000000
1507096516,3801.000000000000,0.077030000000
1507102985,3801.000000000000,0.009560000000
1507104352,3801.000000000000,0.005000000000
1507105758,3978.000000000000,0.002880000000
1507105770,3979.999000000000,0.096340000000
1507105790,3999.000000000000,0.643490000000
1507106797,3801.000000000000,0.005280000000
1507107150,3990.000000000000,0.039090000000
1507107209,3801.000000000000,0.022930000000
1507107396,3800.000000000000,0.009040000000
1507107437,3801.000000000000,0.001170000000
1507109870,3800.000000000000,0.005030000000
1507109870,3800.000000000000,0.016590000000
1507111193,3800.000000000000,0.007520000000
1507111776,3800.000000000000,0.588540000000
1507116366,3800.000000000000,0.148190000000
1507120670,3800.000000000000,0.540310000000
1507122175,3800.000000000000,0.083940000000
1507123100,3989.900000000000,0.002960000000
1507129582,3801.000000000000,0.025220000000
1507131347,3988.000000000000,0.045180000000
1507131347,3989.000000000000,0.078340000000
1507131347,3989.900000000000,0.115480000000
1507131347,4000.000000000000,0.021000000000
1507131380,4000.000000000000,0.002900000000
1507131380,4000.000000000000,0.006590000000
1507131380,4000.000000000000,0.007260000000
1507131380,4000.000000000000,0.013250000000
1507132150,3850.000000000000,0.010000000000
1507162023,3850.000000000000,0.125120000000
1507166005,3850.000000000000,0.008900000000
1507168132,3851.000000000000,0.043510000000
1507169691,3860.000000000000,0.047590000000
1507170260,3860.000000000000,0.036470000000
1507170648,3900.000000000000,0.016280000000
1507171952,3860.000000000000,0.025100000000
1507172008,3860.000000000000,0.033260000000
1507172134,3900.000000000000,0.017920000000
1507172134,3950.000000000000,0.024010000000
1507172134,3940.000000000000,0.007950000000
1507172134,3950.000000000000,0.151570000000
1507172134,3980.000000000000,0.090600000000
1507172134,3980.000000000000,0.079510000000
1507172134,3999.000000000000,0.035550000000
1507172134,4000.000000000000,0.002340000000
1507172134,4000.000000000000,0.333770000000
1507172134,4000.000000000000,0.070000000000
1507172134,4000.000000000000,0.005690000000
1507173722,3890.000000000000,0.027930000000
1507174122,3890.000000000000,0.024890000000
1507174193,3890.000000000000,0.200270000000
1507175186,3880.000000000000,0.021490000000
1507176733,3880.000000000000,0.451240000000
1507179166,3890.000000000000,0.191490000000
1507179166,3890.000000000000,0.007320000000
1507179624,3950.000000000000,0.008220000000
1507183844,3900.000000000000,0.002580000000
1507183937,3890.000000000000,0.008970000000
1507184464,3880.000000000000,0.002350000000
1507184646,3890.000000000000,0.021030000000
1507185467,3890.000000000000,0.343940000000
1507185699,3880.000000000000,0.002350000000
1507186153,3880.000000000000,0.004060000000
1507187177,3900.000000000000,0.004990000000
1507187177,3900.000000000000,0.122720000000
1507187719,3900.000000000000,0.545900000000
1507188419,3950.000000000000,0.005770000000
1507190433,3950.000000000000,0.255910000000
1507190433,3950.000000000000,0.059870000000
1507191014,3880.100000000000,0.021630000000
1507193144,3880.100000000000,0.251420000000
1507194413,3880.100000000000,0.025930000000
1507195151,3900.000000000000,0.000680000000
1507195450,3900.000000000000,0.001620000000
1507199591,3980.000000000000,0.151530000000
1507199591,3970.000000000000,0.041450000000
1507199591,3970.000000000000,0.078540000000
1507199591,3980.000000000000,0.063480000000
1507205069,3900.000000000000,0.008420000000
1507206185,3900.000000000000,0.031420000000
1507209330,3900.000000000000,0.001710000000
1507211601,3900.000000000000,0.012820000000
1507219246,3900.000000000000,0.007740000000
1507219360,3900.000000000000,0.008560000000
1507220925,3950.000000000000,0.021990000000
1507221000,3979.000000000000,0.082140000000
1507221000,3980.000000000000,0.023800000000
1507221000,3980.000000000000,0.024890000000
1507221000,3980.000000000000,0.089170000000
1507225945,3900.000000000000,0.000750000000
1507226632,3900.000000000000,0.143500000000
1507228020,3980.000000000000,0.000730000000
1507243112,3900.000000000000,0.001650000000
1507243243,3999.000000000000,0.013690000000
1507243243,3980.000000000000,0.000130000000
1507243243,4000.000000000000,0.003090000000
1507243243,4050.000000000000,0.133090000000
1507243366,4057.990000000000,0.013800000000
1507243366,4050.000000000000,0.008680000000
1507243366,4060.000000000000,0.008630000000
1507243366,4060.000000000000,0.038570000000
1507243366,4080.000000000000,0.120320000000
1507249897,3900.000000000000,0.001000000000
1507250077,3900.000000000000,0.001000000000
1507250139,3900.000000000000,0.001000000000
1507250195,3900.000000000000,0.001000000000
1507250258,3900.000000000000,0.001000000000
1507250986,4079.000000000000,0.005950000000
1507251015,4080.000000000000,0.015480000000
1507251216,3901.000000000000,0.001000000000
1507251344,3901.000000000000,0.001000000000
1507251456,3901.000000000000,0.001000000000
1507251517,3901.000000000000,0.001000000000
1507251637,3901.000000000000,0.001000000000
1507251698,3901.000000000000,0.001000000000
1507251822,3901.000000000000,0.001000000000
1507251886,3901.000000000000,0.001000000000
1507251938,3901.000000000000,0.001000000000
1507252059,3901.000000000000,0.001000000000
1507252116,3901.000000000000,0.001000000000
1507252177,3901.000000000000,0.001000000000
1507252234,3901.000000000000,0.001000000000
1507252361,3901.000000000000,0.001000000000
1507252423,3901.000000000000,0.001000000000
1507252476,3901.000000000000,0.001000000000
1507252537,3901.000000000000,0.001000000000
1507252716,3901.000000000000,0.001000000000
1507252780,3901.000000000000,0.001000000000
1507252843,3901.000000000000,0.001000000000
1507253025,3901.000000000000,0.001000000000
1507253144,3901.001000000000,0.001000000000
1507253258,3901.001000000000,0.001000000000
1507253318,3901.001000000000,0.001000000000
1507253449,3901.001000000000,0.000970000000
1507253449,3901.000000000000,0.000030000000
1507253680,3901.000000000000,0.001000000000
1507253736,3901.000000000000,0.001000000000
1507253795,3901.000000000000,0.001000000000
1507254565,3902.000000000000,0.010950000000
1507255004,3902.000000000000,0.075060000000
1507256802,3903.000000000000,0.001000000000
1507256854,3903.000000000000,0.001000000000
1507256911,3903.000000000000,0.141840000000
1507256916,3903.000000000000,0.001000000000
1507256976,3903.000000000000,0.001000000000
1507257039,3903.000000000000,0.001000000000
1507257157,3910.000000000000,0.001000000000
1507257513,3910.000000000000,0.001000000000
1507257577,3910.000000000000,0.001000000000
1507257823,3910.000000000000,0.020450000000
1507257932,3905.000000000000,0.013080000000
1507257936,3905.000000000000,0.029640000000
1507258022,3905.000000000000,0.008980000000
1507258738,4049.000000000000,0.009970000000
1507258738,4049.000000000000,0.101030000000
1507258738,4049.000000000000,0.146840000000
1507258772,4050.000000000000,0.011220000000
1507258772,4079.000000000000,0.064000000000
1507258772,4080.000000000000,0.012390000000
1507258772,4080.000000000000,0.044030000000
1507258772,4080.000000000000,0.126200000000
1507259531,4080.000000000000,0.020000000000
1507259531,4080.000000000000,0.021370000000
1507259531,4098.000000000000,0.004370000000
1507259531,4080.000000000000,0.003170000000
1507259531,4099.000000000000,0.049320000000
1507262813,3986.000000000000,0.025990000000
1507262865,3986.000000000000,0.001000000000
1507262910,3999.990000000000,0.023920000000
1507264687,3986.000000000000,0.029830000000
1507266458,3980.000000000000,0.015510000000
1507268789,3931.000000000000,0.025010000000
1507269407,3925.000000000000,0.051000000000
1507269788,3922.000000000000,0.147000000000
1507270005,3931.000000000000,0.005990000000
1507270005,3980.000000000000,0.027460000000
1507270005,3980.000000000000,0.043130000000
1507270005,4000.000000000000,0.006020000000
1507270319,4000.000000000000,0.049740000000
1507271412,4000.000000000000,0.012640000000
1507271433,4000.000000000000,0.208020000000
1507272357,4000.000000000000,0.009940000000
1507272795,4000.000000000000,0.010060000000
1507275836,4000.000000000000,0.059130000000
1507276656,4050.000000000000,0.050560000000
1507276656,4057.000000000000,0.001130000000
1507276656,4088.000000000000,0.062760000000
1507276656,4099.000000000000,0.062440000000
1507276656,4100.000000000000,0.009720000000
1507276656,4100.000000000000,0.003820000000
1507276656,4200.000000000000,0.000510000000
1507276656,4200.000000000000,0.041890000000
1507276690,4200.000000000000,0.458110000000
1507279130,4098.000000000000,0.277330000000
1507279535,4000.000000000000,0.028940000000
1507280572,4087.000000000000,0.086080000000
1507280572,4086.000000000000,0.006690000000
1507280572,4098.000000000000,1.533670000000
1507280595,4098.000000000000,0.022690000000
1507283286,4050.000000000000,0.010000000000
1507283564,4199.000000000000,0.025940000000
1507283564,4199.000000000000,0.011030000000
1507285252,4055.000000000000,0.025740000000
1507286203,4100.000000000000,0.030000000000
1507290307,4055.000000000000,0.004200000000
1507291566,4050.000000000000,0.050000000000
1507291578,4050.000000000000,0.007680000000
1507293518,4100.000000000000,0.003340000000
1507293518,4100.000000000000,0.008950000000
1507294276,4198.000000000000,0.062110000000
1507294343,4199.000000000000,0.047000000000
1507294405,4200.000000000000,0.058000000000
1507294458,4249.000000000000,0.004870000000
1507294518,4250.000000000000,0.011890000000
1507294518,4250.000000000000,0.017900000000
1507294518,4250.000000000000,0.057960000000
1507294641,4280.000000000000,0.024030000000
1507296277,4095.000000000000,0.003000000000
1507298555,4095.000000000000,0.007100000000
1507300343,4095.000000000000,0.037650000000
1507302566,4130.000000000000,0.012860000000
1507302570,4278.000000000000,0.012290000000
1507302830,4278.000000000000,0.053250000000
1507302969,4278.000000000000,0.009730000000
1507327809,4270.000000000000,0.020000000000
1507327809,4277.000000000000,0.009520000000
1507327809,4278.000000000000,0.365230000000
1507327809,4277.000000000000,0.011700000000
1507340976,4150.000000000000,0.002000000000
1507341037,4150.000000000000,0.002000000000
1507345321,4276.990000000000,0.013860000000
1507345321,4276.990000000000,0.016140000000
1507345338,4278.000000000000,0.062800000000
1507345374,4280.000000000000,0.060240000000
1507345385,4288.000000000000,0.074050000000
1507345397,4300.000000000000,0.006510000000
1507345397,4300.000000000000,0.239350000000
1507345397,4300.000000000000,0.053940000000
1507346301,4200.000000000000,0.023080000000
1507346544,4201.000000000000,0.002320000000
1507346643,4200.000000000000,0.001410000000
1507346644,4200.000000000000,0.003000000000
1507349451,4211.000000000000,0.032950000000
1507350173,4211.000000000000,0.006940000000
1507350561,4211.000000000000,0.010160000000
1507350599,4211.000000000000,0.005660000000
1507350786,4211.000000000000,0.044080000000
1507350896,4209.000000000000,0.099790000000
1507350925,4208.000000000000,0.083560000000
1507352461,4208.000000000000,0.016230000000
1507352506,4205.000000000000,0.052940000000
1507352658,4109.200000000000,0.013910000000
1507352694,4109.100000000000,0.007940000000
1507352991,4109.100000000000,0.047500000000
1507353031,4097.000000000000,0.041400000000
1507354475,4097.000000000000,0.014730000000
1507354841,4097.000000000000,0.037420000000
1507355275,4097.000000000000,0.037430000000
1507356333,4097.000000000000,0.000590000000
1507356511,4150.000000000000,0.005320000000
1507356605,4150.000000000000,0.021130000000
1507360067,4150.000000000000,0.005190000000
1507361017,4170.000000000000,0.005510000000
1507361465,4170.000000000000,0.044850000000
1507361803,4170.000000000000,0.030000000000
1507361803,4248.900000000000,0.003470000000
1507361803,4249.000000000000,0.060600000000
1507361803,4248.999900000000,0.014020000000
1507361803,4269.000000000000,0.013410000000
1507361884,4102.000000000000,0.000990000000
1507363304,4150.000000000000,0.473550000000
1507363398,4150.000000000000,0.109740000000
1507363540,4110.000000000000,0.003550000000
1507364187,4110.000000000000,0.003800000000
1507366910,4117.500000000000,0.001290000000
1507367462,4117.500000000000,0.207260000000
1507367879,4117.500000000000,0.001610000000
1507367924,4117.500000000000,0.168460000000
1507369331,4117.500000000000,0.011250000000
1507370610,4199.500000000000,0.040000000000
1507371073,4199.500000000000,0.001770000000
1507371177,4199.500000000000,0.009260000000
1507372030,4118.000000000000,0.020250000000
1507373983,4118.000000000000,0.023440000000
1507376019,4198.500000000000,0.041100000000
1507376089,4199.000000000000,0.013910000000
1507376113,4200.000000000000,0.025820000000
1507383536,4200.000000000000,0.011730000000
1507384035,4200.000000000000,0.010880000000
1507384818,4200.000000000000,0.016100000000
1507386120,4200.000000000000,0.005980000000
1507389460,4200.000000000000,0.003000000000
1507390527,4289.000000000000,0.005800000000
1507394830,4200.000000000000,0.002940000000
1507398144,4161.000000000000,0.103750000000
1507398231,4200.000000000000,0.000610000000
1507398619,4161.000000000000,0.016200000000
1507399276,4161.000000000000,0.008100000000
1507401913,4161.000000000000,0.033990000000
1507409939,4165.000000000000,0.001310000000
1507409939,4161.000000000000,0.036580000000
1507414647,4200.000000000000,0.001800000000
1507417366,4169.100000000000,0.001310000000
1507425805,4169.300000000000,0.002330000000
1507426150,4260.000000000000,0.007340000000
1507432494,4259.999000000000,0.002330000000
1507432494,4259.999000000000,0.001310000000
1507432494,4260.000000000000,0.292230000000
1507432494,4260.000000000000,0.200000000000
1507432494,4268.999000000000,0.001260000000
1507432494,4269.100000000000,0.034470000000
1507432494,4280.000000000000,0.007560000000
1507432494,4288.000000000000,0.463150000000
1507432494,4290.000000000000,0.002580000000
1507432494,4295.000000000000,0.010580000000
1507432494,4300.000000000000,0.016260000000
1507432494,4300.000000000000,0.005620000000
1507432494,4300.000000000000,0.113590000000
1507432690,4171.000000000000,0.015590000000
1507433159,4419.000000000000,0.014710000000
1507433671,4250.000000000000,0.034250000000
1507435703,4250.999900000000,0.003650000000
1507435961,4250.999900000000,0.005310000000
1507438525,4250.111100000000,0.010170000000
1507438535,4250.111100000000,0.002830000000
1507439018,4200.000000000000,0.017970000000
1507440343,4394.999900000000,0.008710000000
1507441708,4250.000000000000,0.004000000000
1507442101,4250.111100000000,0.006710000000
1507444044,4251.000000000000,0.003860000000
1507446115,4299.000000000000,0.010000000000
1507448554,4280.000000000000,0.026650000000
1507449491,4280.100000000000,0.100000000000
1507449491,4260.000000000000,0.051760000000
1507450058,4299.000000000000,0.001070000000
1507450101,4299.000000000000,0.059600000000
1507450145,4299.000000000000,0.027950000000
1507450578,4282.000000000000,0.046250000000
1507450669,4260.000000000000,0.073480000000
1507450989,4299.000000000000,0.010230000000
1507452974,4360.000000000000,0.021930000000
1507452974,4357.999900000000,0.011820000000
1507452974,4360.998800000000,0.007120000000
1507452974,4358.000000000000,0.054500000000
1507453512,4266.111100000000,0.001990000000
1507454153,4300.000000000000,0.010540000000
1507455182,4277.000000000000,0.005820000000
1507457025,4277.100000000000,0.007360000000
1507457483,4299.999000000000,0.001980000000
1507459550,4288.000000000000,0.034750000000
1507460747,4288.000000000000,0.013570000000
1507465449,4270.000000000000,0.140000000000
1507467777,4272.000000000000,0.100000000000
1507469363,4273.000000000000,0.027800000000
1507469590,4299.999000000000,0.000010000000
1507469590,4299.999000000000,0.009970000000
1507469590,4300.000000000000,0.000010000000
